2233 3252
341 690 397 707 Dan⁴
408 690 426 708 7.
437 689 454 706 i.

330 998 386 1016 Dan.
394 998 413 1021 8,
423 999 455 1016 2⁴05.

301 1262 455 1286 1.E=dr.s,14.

349 1528 384 1547 ΡΞ.
394 1529 425 1548 23,
435 1530 455 1546 ει.

475 212 537 241 340
765 212 943 239 GEHHOHI
971 211 1199 238 PRAEPOSITI
1225 209 1634 237 REICHERSBERGENSIS
1659 208 1824 235 LIBELLI.

474 321 530 349 «lm
557 309 697 338 lmlu'mnr
721 314 834 337 terram
862 307 892 336 ιἰι
913 306 1058 336 aniz-ersa
1083 312 1185 336 terra:
1210 305 1280 335 Paa-
1306 305 1389 335 vobis
1416 304 1648 345 nzultiple'cetur.
1687 302 1787 343 S12qna
1812 308 1839 332 et
1862 302 2026 333 mirabilia
2042 303 2128 344 fecit

474 361 562 403 apud
587 374 630 390 me
656 360 742 390 mus
767 359 911 389 arcessas.
960 358 1087 389 Placuit
1116 370 1187 399 erqo
1219 358 1300 388 milei
1319 357 1492 399 ρ’νθᾶἰι-(ινα
1522 357 1612 398 sign«
1645 356 1721 394 acus,
1754 355 1830 396 quia
1860 366 1974 397 magua
1996 362 2076 393 sunt,
2101 361 2128 386 et

476 414 637 443 mirabilia
663 414 740 451 eins,
770 413 844 453 quin
862 412 970 454 fortia
996 418 1023 442 ec
1047 423 1173 453 requam
1198 412 1264 442 cius
1289 422 1416 452 refluum
1440 410 1660 451 sempiternum
1685 414 1712 439 et
1728 414 1868 449 potestas
1892 408 1958 438 eius
1982 409 2016 438 z'n
2037 419 2125 450 {sene-

476 468 623 497 ratae'ouem
650 473 676 494 et
697 466 935 507 glunorationem.
985 463 1050 501 Sic,
1075 468 1109 494 ut
1134 462 1286 501 diximus,
1319 469 1383 493 tres
1413 463 1504 504 pueri
1530 473 1602 492 cum
1628 460 1715 491 socio
1739 460 1883 502 ipsorum
1907 460 2046 491 Daniele
2071 471 2126 491 cor

475 519 559 557 regis
589 517 725 548 bestiale
758 518 789 547 in
819 517 993 547 humanum
1025 521 1242 557 permutatum
1274 515 1316 546 ad
1341 515 1558 557 cognitionem
1591 519 1622 545 et
1653 513 1889 544 confessionem
1920 512 2126 544 adduxerunt

474 572 568 602 nnius
593 577 623 602 et
648 570 745 601 solius
769 570 838 600 veri
863 570 936 600 Dei.
985 569 1139 600 Similiter
1170 574 1202 599 et
1233 574 1417 599 sanctorum
1445 567 1612 598 martirum
1644 567 1737 608 quasi
1767 566 1864 597 trium
1887 577 2060 608 puerorum
2085 577 2127 597 ex

475 636 537 655 uno
563 636 617 654 ore
643 630 786 654 sanctam
812 623 1003 653 Trinitatem
1028 622 1248 653 confitentium
1280 621 1524 663 perseverantia
1555 619 1597 650 ad
1628 619 1689 650 hoc
1712 619 1861 661 profecit,
1886 624 1921 650 ut
1943 618 2049 650 bestia
2072 619 2126 650 illa

475 676 626 708 terribilis
645 676 822 707 secundum
838 676 995 706 visionem
1013 674 1162 705 Danielis
1187 674 1299 705 dentes
1324 674 1446 704 ferreos
1463 672 1587 704 habens
1613 671 1785 704 comedens
1802 677 1833 702 et
1850 672 2071 703 comminuens
2088 683 2126 703 ac

476 730 600 771 reliqua
612 728 750 771 pedibus
764 729 829 759 suis
844 728 1047 767 conculcans,
1062 728 1241 758 Romanum
1250 727 1404 757 videlicet
1417 726 1598 768 imperium,
1608 724 1744 756 bestiale
1758 736 1796 756 ac
1809 724 1952 756 terribile
1965 724 2126 756 humana*

476 794 509 813 sc
533 788 639 813 mente
668 782 808 813 induerit
832 787 863 812 et
887 781 1062 812 Dominum
1088 781 1265 811 maiestatis
1290 790 1470 822 agnoscens
1494 790 1574 809 vera
1605 789 1638 809 se
1662 778 1708 809 illi
1732 777 1911 809 humilitate
1936 777 2125 810 subdiderit.

598 872 649 901 31.
687 870 886 901 Cessacio
911 869 1233 911 persecucionis
1259 880 1330 910 per
1353 868 1556 899 Romanos
1580 867 1798 908 principes
1822 872 1861 897 et
1885 877 2005 908 reges

478 923 748 955 Babilonicos
779 924 961 965 itemque
993 922 1165 953 meliora
1197 922 1369 952 decreta
1400 921 1494 951 hinc
1526 920 1621 951 inde
1653 925 1813 950 statuta
1841 919 2125 951 conferuntur.

584 985 679 1024 Quod
710 997 787 1016 vero
820 985 948 1016 decreto
981 985 1105 1023 statuit,
1137 990 1171 1015 nt
1202 984 1228 1014 si
1261 984 1331 1025 quis
1368 983 1553 1024 loqueretur
1588 981 1844 1023 blasphemiamb
1877 987 1989 1013 contra
2019 982 2126 1013 Deum

477 1038 623 1077 Sidrach,
641 1038 765 1069 Misach
784 1044 815 1069 et
831 1038 1011 1077 Abdenago
1037 1037 1208 1079 disperiret
1233 1042 1263 1067 et
1288 1036 1401 1067 domus
1427 1036 1494 1066 eius
1511 1040 1704 1075 vastaretur,
1729 1040 1825 1076 typus
1850 1035 1957 1066 extitit
1979 1046 2038 1077 per
2061 1035 2126 1066 iam

477 1091 579 1122 dictos
599 1092 760 1122 Romanos
785 1091 996 1132 imperatores
1020 1090 1154 1121 meliora
1178 1089 1339 1131 prioribus
1364 1100 1423 1131 pro
1449 1088 1588 1119 ecclesia
1604 1088 1668 1119 Dei
1693 1087 1825 1119 decreta
1850 1099 1920 1119 esse
1945 1088 2124 1119 statuenda.

477 1144 543 1175 Sed
566 1145 660 1175 huius
685 1145 731 1175 rei
763 1145 795 1174 in
820 1143 1092 1185 subsequentibus
1117 1143 1225 1184 regnis
1252 1148 1283 1173 et
1307 1141 1438 1183 regibus
1462 1142 1548 1183 tipus
1574 1141 1690 1172 clarior
1715 1140 1832 1181 efulsit,
1863 1141 2014 1172 nimirum
2039 1141 2125 1183 Cyro

477 1204 507 1228 et
531 1198 632 1228 Dario
657 1203 752 1239 atque
777 1197 954 1228 Artaxerse
980 1197 1152 1227 Persarum
1178 1201 1209 1226 et
1233 1195 1403 1226 Medorum
1435 1194 1567 1236 regibus
1598 1194 1820 1236 captivitatem
1847 1193 2070 1225 relaxantibus
2095 1200 2126 1226 et

476 1262 554 1281 vasa
567 1250 680 1281 domus
694 1250 826 1280 Domini
843 1248 1084 1280 restituentibus
1102 1249 1280 1290 domusque
1297 1249 1379 1290 ipsa,
1396 1253 1430 1279 ut
1447 1247 1699 1287 reedificaretur,
1718 1246 1983 1287 concedentibUS,
2007 1248 2041 1278 in
2058 1248 2125 1279 eius

477 1303 714 1334 edificationem
747 1308 891 1344 sumptus
923 1301 1142 1344 prebentibus
1190 1302 1262 1332 Hoc
1295 1302 1380 1332 enim
1412 1301 1558 1343 preclare
1590 1300 1674 1332 illius
1705 1301 1752 1331 rei
1783 1305 1880 1342 typus
1911 1300 2030 1341 extitit,
2063 1312 2125 1343 que

475 1356 678 1398 postmodum
703 1357 735 1386 in
752 1356 896 1386 Romano
922 1356 1057 1397 imperio
1082 1366 1140 1397 per
1164 1355 1251 1396 pium
1277 1355 1459 1396 principem
1476 1353 1725 1385 Constantinum
1743 1353 1903 1396 completa
1919 1359 1977 1394 est,
1996 1353 2124 1396 quando

476 1410 544 1450 ipso
570 1409 721 1439 videlicet
746 1410 809 1439 iam
834 1409 919 1439 dicto
945 1409 1091 1450 principe
1122 1408 1219 1439 fidem
1251 1407 1427 1439 accedente
1459 1407 1542 1438 male
1574 1418 1633 1449 per
1657 1418 1731 1438 eum
1755 1406 1843 1448 leges
1868 1406 1974 1438 ablate
1999 1418 2036 1438 ac
2061 1418 2124 1438 me-

475 1462 570 1493 liores
602 1474 659 1504 pro
691 1462 828 1493 ecclesie
861 1462 1018 1492 catholice
1051 1472 1131 1503 pace
1156 1473 1194 1492 ac
1219 1462 1429 1503 provectione
1455 1461 1626 1492 constitute
1652 1466 1735 1500 sunt,
1768 1461 1851 1491 sicut
1882 1460 2035 1502 scriptum
2061 1465 2124 1492 est:

481 1515 591 1546 Tollite
609 1523 722 1557 por-fas
734 1517 899 1557 princepes
927 1522 1041 1546 rostras
1066 1522 1093 1546 ef
1116 1515 1285 1546 elevamini
1301 1522 1393 1556 porte
1418 1515 1568 1545 eternales
1592 1521 1620 1545 et
1642 1515 1785 1545 introibit
1809 1526 1864 1545 rear
1884 1514 1994 1556 glorie.
2034 1513 2125 1544 Prin-

476 1569 583 1609 cipum
607 1579 745 1609 namque
770 1574 861 1609 porte
887 1567 1062 1598 auferende
1088 1567 1170 1598 male
1196 1568 1339 1609 ipsorum
1364 1567 1453 1608 leges
1478 1567 1609 1598 fuerunt
1626 1572 1739 1598 contra
1764 1566 1935 1597 ecclesiam
1951 1566 2125 1608 aliquando

476 1621 572 1651 etiam
604 1622 636 1651 in
661 1621 742 1651 ereis
767 1620 884 1651 ‘tabulis
909 1621 1082 1662 pr«:›posite.
1131 1621 1226 1651 Pol-te
1252 1631 1328 1651 vero
1354 1620 1513 1651 eternales
1538 1619 1622 1651 bone
1652 1631 1709 1661 pro
1735 1619 1874 1650 eeclesia
1897 1619 1986 1661 leges
2011 1620 2124 1651 extite-

476 1680 558 1712 runt,
584 1685 645 1715 quc
670 1680 745 1704 tunc
770 1674 915 1704 elevatae
941 1678 1024 1710 sunt,
1050 1673 1189 1715 quando,
1215 1674 1298 1704 sicut
1322 1674 1386 1704 iam
1404 1673 1525 1704 dictum
1547 1678 1604 1712 est,
1630 1673 1701 1714 pius
1726 1673 1877 1714 princeps
1896 1672 2125 1704 Constantinus

476 1738 600 1757 necnon
633 1732 664 1757 et
695 1727 747 1757 alii
780 1732 852 1768 post
876 1738 949 1757 eum
973 1727 1184 1768 imperatores
1210 1727 1346 1768 optimas
1378 1738 1436 1768 pro
1469 1726 1609 1757 ecelesia
1634 1726 1698 1757 Dei
1729 1726 1818 1767 leges
1850 1731 2039 1757 statuerunt.
2087 1726 2125 1756 In

402 1800 405 1809 ,
476 1785 599 1810 tantum
630 1791 768 1821 namque
800 1780 863 1810 iam
889 1779 993 1810 dictus
1026 1781 1176 1821 princeps
1207 1779 1365 1810 ecclesiae
1390 1780 1454 1810 Dei
1478 1780 1563 1821 paci,
1595 1779 1797 1821 provectioni
1828 1790 1866 1810 ac
1892 1778 2125 1810 *sublimationi

366 1852 377 1863 s,
411 1847 421 1862 a·
444 1848 455 1863 ;,
477 1832 622 1870 intendit,
649 1838 681 1863 ut
706 1833 788 1863 sieut
812 1833 967 1874 scriptum
992 1838 1040 1864 est
1064 1832 1103 1863 de
1129 1844 1205 1874 rege
1222 1833 1351 1872 Ninive,
1378 1832 1465 1875 quod
1490 1832 1601 1863 audita
1624 1831 1716 1863 verbi
1734 1832 1798 1863 Dei
1822 1832 2043 1874 predicatione
2068 1843 2126 1874 per

477 1885 665 1926 prophetam
682 1886 793 1916 Ionam
812 1886 988 1916 surrexerit
1012 1886 1051 1916 dc
1077 1886 1154 1917 solio
1181 1897 1237 1917 suo
1263 1891 1294 1916 et
1318 1886 1448 1916 indutus
1474 1886 1514 1916 sit
1538 1896 1650 1916 sacco:
1676 1886 1721 1916 ita
1746 1890 1777 1916 et
1800 1885 1860 1916 iste
1878 1885 2028 1927 princeps
2043 1884 2125 1916 Con-

477 1939 643 1977 stantinus,
676 1939 766 1969 cuius
798 1939 949 1969 memoria
981 1939 1013 1969 in
1046 1938 1273 1970 benedictione
1306 1945 1364 1978 est,
1396 1939 1512 1980 prioris
1544 1939 1725 1980 ignorantie
1757 1938 1978 1980 penitudinem
2009 1949 2125 1980 gerens

478 1991 581 2022 locum
610 1991 680 2021 solii
711 1992 769 2031 sui,
801 1991 913 2022 urbem
945 1991 1097 2022 videlicet
1122 1992 1267 2031 Romam,
1300 1992 1439 2033 principi
1470 1991 1687 2033 apostolorum
1719 1992 1853 2033 eiusque
1885 1991 2125 2022 successoribus

489 2045 628 2075 {omanis
663 2044 869 2085 pontificibus
901 2045 1097 2075 concesserit
1128 2056 1164 2075 ac
1196 2045 1280 2075 intra
1312 2044 1467 2086 palatium
1498 2044 1730 2084 Lateranense,
1762 2044 1849 2086 quod
1880 2049 1949 2075 erat
1979 2044 2125 2076 omnibus

478 2097 603 2137 palatiis
629 2097 806 2135 sublimius,
833 2098 1002 2128 ecelesiam
1031 2098 1063 2128 in
1089 2097 1208 2128 honore
1234 2097 1403 2128 salvatoris
1429 2097 1551 2128 domini
1574 2098 1674 2128 nostri
1698 2097 1774 2128 Iesu
1798 2096 1919 2128 Christi
1943 2098 2125 2129 consecrari

478 2150 598 2188 fecerit,
624 2150 692 2191 ipse
714 2149 773 2180 sibi
799 2150 908 2180 sedem
934 2151 1059 2191 imperii
1084 2151 1117 2180 in
1141 2150 1287 2192 partibus
1307 2151 1458 2189 Orientis,
1485 2151 1604 2192 optimo
1629 2150 1783 2181 videlicet
1806 2155 1891 2181 terre
1909 2150 1985 2191 solo,
2010 2151 2124 2182 Bizan-

478 2203 555 2232 tium
574 2214 776 2239 consecrans,
801 2204 951 2233 nimirum
970 2215 1087 2245 equum
1105 2214 1175 2234 esse
1193 2215 1256 2234 non
1274 2203 1446 2243 arbitrans,
1464 2208 1499 2234 nt
1515 2204 1732 2245 principatum
1757 2203 1930 2234 sacerdotii
1954 2204 1986 2234 in
2003 2204 2124 2235 vicario

478 2255 564 2285 Pctri
590 2255 764 2297 sedemque
789 2256 987 2297 imperialem
1012 2257 1106 2287 unius
1132 2257 1272 2287 civitatis
1297 2256 1438 2287 ambitus
1463 2257 1703 2288 concluderet1.
1750 2257 1793 2287 Et
1816 2257 1862 2287 ita
1885 2257 2004 2287 veritas
2028 2267 2124 2288 novo-

479 2318 546 2337 rum
573 2320 643 2338 cnm
669 2316 745 2349 typo
775 2309 973 2350 antiquitatis
999 2310 1156 2348 congruit,
1182 2315 1216 2340 ut
1241 2310 1468 2340 concessiones
1500 2311 1552 2351 pie
1584 2321 1642 2351 per
1667 2309 1914 2341 Constantinum
1946 2310 2125 2351 principem

479 2360 623 2390 ecclesiis
649 2361 711 2390 Dei
744 2361 827 2391 facte
859 2361 1122 2392 concessionibus
1151 2362 1190 2392 dc
1216 2362 1457 2393 reedificatione
1488 2362 1599 2404 templi
1631 2374 1688 2404 per
1713 2362 1845 2404 Cyrum,
1870 2362 2070 2393 Artaxersen
2095 2367 2124 2393 et

480 2413 613 2444 Uarium
638 2414 731 2444 sactis
756 2415 986 2445 concinnanter
1011 2415 1236 2456 respondeant.

513 2494 564 2522 252.
605 2493 943 2533 impedimentum
969 2494 1312 2525 reedificationis
1338 2495 1482 2537 templi
1508 2500 1545 2526 et
1569 2495 1851 2526 hereticorum
1877 2495 2088 2525 molimina

1159 2548 1441 2579 conferuntur.

586 2608 670 2637 Sanc
696 2608 781 2649 qnod
806 2609 992 2649 captivitate
1017 2608 1202 2650 11e1·(‡?i1·11111
1228 2609 1374 2640 relaxata
1398 2610 1550 2652 vasisque
1577 2610 1695 2641 sanctis
1721 2609 1760 2640 de
1786 2609 1957 2640 Babilonia
1981 2610 2014 2639 in
2037 2609 2122 2639 Ieru-

480 2659 577 2689 salem
597 2661 744 2699 revectis,
770 2660 986 2691 fundanncntis
1005 2673 1131 2703 quoquc
1150 2662 1260 2703 templi
1281 2662 1373 2692 iactis
1399 2674 1478 2704 opus
1504 2663 1694 2704 impeditum
1719 2668 1766 2693 est
1790 2674 1849 2704 per
1872 2662 2044 2704 principes,
2070 2660 2122 2703 qui

586 2800 611 2818 a>
635 2795 749 2817 humans·
769 2805 788 2818 r.
863 2796 888 2819 b)
912 2795 1069 2826 blnsplwnia
1088 2805 1107 2818 ι’.

592 2867 616 2899 1)
644 2867 821 2893 (firmissimam
849 2867 1026 2894 Cous-tantini
1050 2868 1090 2894 ml.
1118 2868 1236 2894 mem·
1260 2868 1278 2901 ξ
1300 2869 1346 2895 15.
1369 2869 1417 2895 16.

2147 789 2171 807 10

2146 1098 2169 1117 15

2144 1364 2169 1383 20

2144 1630 2169 1649 25

2144 1895 2169 1914 30

2143 2160 2167 2180 35

454 2722 457 2729 ¹
480 2718 569 2742 crant
583 2718 669 2742 trans
683 2713 800 2743 flumen
819 2714 848 2743 in
865 2713 1049 2754 regionibus
1064 2715 1220 2754 Samaric,
1244 2726 1379 2757 quornm
1394 2717 1525 2746 nomina
1543 2722 1615 2747 sunt
1632 2716 1707 2747 hec:
1727 2716 1840 2755 Reum,
1854 2715 1944 2755 Beel,
1958 2715 2122 2746 Theeman
2139 2723 2164 2743 45
