2233 3252
554 204 604 231 DE
630 203 960 231 INVES'PIGATIUNF.
987 204 1232 232 AN'meus'rl
1261 207 1290 232 1,.
1312 207 1331 234 1.
1707 207 1765 236 391

128 297 278 336 debeant,
296 309 336 329 cx
353 297 454 329 altero
471 297 594 340 possint
612 297 751 339 ipsorum
770 296 950 327 defensioni
969 308 1030 327 non
1049 297 1170 328 deesse.
1208 299 1246 328 lit
1267 299 1479 331 nummum-um
1498 300 1627 343 quidem
1646 303 1767 344 pontiti—

129 362 201 383 cum
225 362 282 382 seu
307 350 519 382 cardinalium
544 361 642 393 snper
665 350 816 392 expensis
842 349 1051 391 pecuniarum
1077 349 1222 381 defensio
1249 351 1305 382 lwv
1331 361 1387 383 ent.
1426 353 1503 384 used
1526 366 1645 396 ιμιιιι-μι.
1665 366 1729 390 vos,
1752 368 1769 384 υ

128 403 274 438 Romani.
299 403 385 446 quod
410 414 550 445 unquam
576 402 825 434 emolumentum
851 409 939 433 tanto
964 401 1125 432 molimine
1143 402 1276 442 dignum
1295 416 1350 446 pm·
1368 406 1498 437 eunden·
1516 406 1769 439 aldunnnmbihm

128 467 289 499 expensas
309 457 473 488 consecuti
491 456 593 487 estis?
630 451 716 495 Quin
735 455 840 498 potius
865 454 963 486 semel
990 456 1122 485 inest-ati
1143 457 1285 497 pecuniis
1304 458 1512 489 eet-lesim‘uin
1531 461 1617 490 viv-m
1638 461 1769 492 ltonnuni

95 521 108 541 ο
127 520 263 552 semper,
286 515 320 541 ut
343 520 440 552 supra
457 520 585 551 quoque
610 520 720 539 sumus
745 509 859 550 questi.
885 507 1124 550 inquietudines
1143 508 1233 539 vobis
1252 511 1422 551 ‹pn-ritant.
1444 524 1577 553 ‹pmrnnn
1601 515 1769 545 oevnuiune

127 573 255 604 semper
271 563 374 604 magis
399 573 435 593 ac
454 562 556 603 tnagis
573 562 745 604 accipiant.
782 560 1048 592 Abhominabiles
1065 573 1142 592 sane
1162 561 1218 592 has
1236 574 1395 604 expensas
1413 564 1560 598 dixerim.
1581 578 1636 607 pru·
1654 567 1769 608 quihus

128 614 356 657 conquirendis
381 614 518 646 ecclesie
536 614 599 645 Dei
624 614 1015 656 vexantur.-aporiautur.
1041 614 1305 650 dimembrantur,
1331 628 1389 647 nee
1415 625 1520 648 tnnwn
1548 631 1603 660 por
1628 632 1681 649 ens
1708 631 1769 662 pax

127 667 220 699 vobis
244 668 399 710 pecunias
424 666 664 698 effundentibus
688 667 898 709 conquiritur.
930 666 1088 709 siquidem
1114 679 1132 698 a
1159 667 1250 698 vobis
1278 670 1516 711 ‘aecipientitnn
1542 673 1683 702 nvnriein
1709 685 1769 703 non

127 720 286 763 impletur.
334 720 482 754 Mentior,
513 721 539 751 si
564 731 667 763 nuper
690 719 749 751 sub
774 719 918 751 Adriano
943 730 1028 762 papa
1053 720 1191 751 eeclesia
1219 721 1470 753 lerosoliniitann
1503 735 1558 765 pr«.
1584 726 1770 766 acceptionu-

83 785 109 805 ιο
126 785 294 806 munerum
325 773 535 805 demenbrata
565 784 627 804 non
660 780 716 804 est.
765 773 873 804 Taceo
905 773 990 804 enim
1018 773 1097 804 alias
1130 774 1283 805 ecelesias
1316 775 1398 806 idem
1425 787 1546 817 passas,
1577 790 1655 819 quas
1687 790 1770 809 eann-

127 838 304 859 memorare
336 826 465 868 longum
490 833 583 858 esset.
633 826 739 858 Unum
764 826 835 864 hoe,
860 826 1012 868 quoniam
1038 837 1150 858 recens
1176 833 1233 861 est,
1258 827 1384 858 silentio
1409 840 1470 859 non
1497 830 1678 871 prete-rilm'.

217 907 266 938 7⁸...
304 906 360 938 Dc
386 917 509 937 causa
535 905 896 948 Hospitalensium
922 911 960 936 et
984 906 1175 937 avaricia
1199 919 1242 938 ae
1269 907 1378 938 fastu
1405 908 1681 940 Rornanorum.

232 967 340 1000 Causa
364 975 432 1000 erat
455 967 572 999 domno
597 968 660 999 iam
685 967 770 999 dicte
795 967 973 999 aecclesiae
999 967 1202 1010 patriarchae
1227 968 1382 1000 adversus
1408 970 1520 1001 fratres
1545 970 1584 1002 de
1612 971 1770 1013 hospitali,

127 1032 184 1064 pro
208 1032 282 1064 qua,
307 1021 382 1053 dum
407 1021 436 1052 ei
461 1021 713 1052 satisfactionem
743 1020 828 1052 idem
858 1021 972 1051 fratres
997 1021 1157 1059 offerrent,
1184 1021 1319 1053 domnus
1345 1023 1537 1064 patriarcha,
1571 1032 1660 1065 prout
1695 1026 1771 1067 ipsis

83 1086 108 1106 us
126 1075 230 1106 visum
254 1080 312 1113 cst,
341 1075 457 1105 nimius
482 1085 581 1105 eausa
604 1074 733 1116 propria
758 1080 891 1105 exactor
915 1074 1047 1105 exstitit.
1097 1073 1190 1105 Unde
1215 1074 1256 1105 ad
1282 1075 1344 1105 iam
1369 1075 1489 1106 dictum
1515 1088 1631 1118 papam
1658 1078 1770 1108 Adriw

127 1130 223 1159 num¹
248 1126 445 1170 appellatum
462 1133 493 1158 et
510 1133 641 1158 ventum
659 1133 716 1158 est.
754 1127 905 1169 Dumque
930 1138 1028 1158 causa
1053 1133 1261 1170 utrorumque
1286 1129 1415 1169 cognita
1440 1129 1519 1160 iuste
1545 1130 1630 1171 quod
1656 1131 1770 1162 iustum

126 1181 210 1212 inter
226 1181 413 1223 episcopum
438 1187 468 1212 et
493 1179 672 1211 subiectam
697 1179 758 1211 sibi
783 1179 912 1211 domum
937 1179 1072 1211 iudicari
1093 1179 1268 1219 debuisset,
1295 1181 1468 1212 intervenit
1492 1184 1629 1224 pecunia
1656 1184 1770 1225 Hospi-

127 1233 311 1271 tulensium,
343 1244 405 1276 que
437 1233 498 1265 illis
529 1233 629 1265 multa
660 1232 799 1264 vacabat
834 1232 931 1276 idque
964 1233 1034 1275 plus
1066 1245 1161 1276 quani
1195 1233 1297 1265 tribus
1328 1234 1456 1265 milibus
1489 1247 1667 1267 niarcaruni
1701 1238 1770 1278 puri

127 1287 251 1329 argenti
282 1286 401 1318 factum
427 1293 484 1325 est,
511 1293 544 1318 ut
568 1286 682 1318 eadem
707 1285 820 1318 domus
845 1285 885 1317 de
910 1285 969 1317 sub
995 1285 1180 1318 obedientia
1211 1287 1392 1329 patriarche
1424 1287 1588 1319 tolleretur
1599 1293 1618 1329 2¹,
1653 1291 1770 1320 nemini

83 1351 109 1372 ιο
127 1340 300 1383 quicquam
331 1339 535 1372 obedientiae
567 1340 628 1370 nisi
652 1339 796 1370 Romano
827 1338 950 1370 debens
982 1340 1136 1381 pontifici.
1186 1340 1227 1371 Et
1258 1341 1303 1371 sie
1336 1341 1488 1383 iniquitas
1520 1353 1577 1384 per
1602 1343 1770 1384 pecuniam

126 1393 244 1425 victrix
268 1393 391 1424 exstitit
415 1399 446 1424 et
471 1392 654 1435 patriarcha
671 1391 902 1423 dimembratus
919 1404 958 1423 ac
975 1392 1087 1424 dolens
1110 1393 1151 1424 ad
1168 1405 1236 1431 sua,
1261 1393 1318 1424 sed
1344 1395 1406 1425 iam
1431 1406 1493 1425 non
1512 1407 1579 1431 sua,
1605 1397 1770 1427 remeavit.

127 1446 272 1478 Hoecine
289 1453 336 1478 est
354 1447 483 1478 unicum
508 1445 622 1477 asilum
647 1457 684 1477 ac
710 1446 824 1477 civitas
849 1445 976 1487 refugii,
1002 1457 1064 1488 quo
1090 1458 1109 1477 a
1133 1453 1198 1477 toto
1223 1446 1299 1478 orbe
1326 1447 1550 1489 refugiendum
1575 1455 1604 1479 et
1631 1449 1770 1491 apellan-

127 1499 203 1531 dum
227 1500 277 1538 sit,
301 1498 356 1530 ubi
381 1499 534 1542 iniquitas
554 1499 721 1530 victoriam
747 1507 776 1529 et
802 1499 929 1530 iusticia
954 1500 1196 1541 oppressionem
1222 1500 1369 1531 invenit?
1416 1501 1560 1532 Heecine.
1586 1509 1633 1533 est
1659 1501 1772 1533 umbra

127 1552 224 1592 Petri,
256 1551 316 1584 sub
341 1563 403 1595 qua
428 1564 492 1583 non
515 1552 632 1583 infirmi
664 1553 835 1583 sanitatem
864 1552 1033 1594 rccipiunt,
1066 1552 1121 1584 sed
1147 1554 1216 1584 sani
1241 1554 1407 1585 venientes
1432 1561 1578 1595 egrotare
1605 1555 1770 1597 incipiunt,

83 1617 109 1638 ιο
127 1605 223 1637 immo
248 1617 324 1637 vero
350 1611 380 1637 ct
403 1612 537 1637 mortem
562 1604 754 1636 incurrunt?
789 1604 841 1636 An
866 1616 942 1636 vero
967 1617 1051 1636 mors
1077 1605 1246 1637 multarum
1272 1618 1335 1637 non
1361 1613 1409 1638 cst
1433 1614 1576 1638 sanctam
1595 1608 1770 1639 Romanam

128 1658 297 1690 ecclesiam
315 1658 524 1690 ecelesiarum
542 1665 676 1690 matrem
694 1657 858 1689 novercali
883 1658 956 1689 odio
981 1666 1112 1701 propter
1135 1660 1297 1691 avariciae
1323 1659 1512 1692 detestabile
1531 1661 1647 1692 malum
1666 1661 1770 1692 odisse

127 1712 280 1755 incipere,
305 1723 347 1743 ex
371 1713 462 1743 cuius
486 1711 640 1743 uberibus
656 1711 754 1742 vitale
779 1719 942 1743 sumentes
966 1711 1152 1743 alimentum
1177 1724 1248 1743 eam
1273 1719 1435 1755 tamquam
1461 1713 1516 1744 filii
1542 1721 1676 1745 matrem
1701 1714 1769 1745 ‹lili-

127 1776 203 1808 gere
228 1765 432 1797 debuerant?
471 1765 523 1796 Au
547 1776 611 1796 non
634 1776 719 1796 mors
737 1764 909 1796 multarum
926 1771 975 1796 est
998 1765 1177 1796 animarum
1202 1766 1285 1797 inter
1309 1766 1448 1808 prelatos
1473 1773 1504 1797 et
1529 1778 1592 1801 eos.
1618 1768 1672 1809 qui
1698 1767 1769 1798 sub-

128 1818 200 1850 iecti
219 1829 288 1850 esse
306 1817 494 1858 debuerant,
521 1817 730 1861 impacabiles
747 1819 852 1849 sevire
870 1817 1058 1852 discordias.
1084 1818 1243 1860 siquidem
1261 1825 1291 1850 et
1309 1818 1444 1850 subiecti
1469 1820 1565 1851 semel
1583 1832 1601 1851 a
1620 1820 1770 1851 Romanis

84 1883 110 1903 ιο
128 1870 332 1914 pontificibus
355 1878 491 1914 accepta
515 1871 685 1903 resistendi
715 1871 854 1902 audacia
884 1878 1131 1913 perseveranter
1155 1873 1315 1903 cervicem
1340 1879 1451 1904 contra
1475 1885 1548 1904 suos
1574 1885 1613 1904 ex
1639 1874 1771 1915 antiqua

128 1924 327 1956 ordinatione
345 1924 484 1967 prelatos
508 1925 635 1966 erigunt
659 1930 690 1956 et
715 1924 800 1955 idem
824 1924 940 1967 prelati
964 1931 1068 1956 stante
1094 1925 1235 1967 ipsorum
1253 1925 1405 1967 superbia
1422 1937 1542 1968 sueque
1560 1927 1770 1957 truncationis

128 1977 318 2010 detrimento
335 1983 563 2020 perseverante
588 1989 651 2009 non
675 1977 769 2008 facile
794 1989 871 2008 suae
895 1977 1025 2008 lesionis
1050 1978 1200 2009 iniuriam
1217 1977 1364 2010 oblivisci
1389 1980 1559 2010 sinuntur?
1597 1979 1659 2010 Ubi
1685 1991 1769 2011 nunc

127 2030 250 2074 Helyas
275 2042 410 2073 magnus
435 2030 486 2062 ille
512 2030 668 2073 propheta
692 2031 754 2062 iam
780 2030 855 2061 olim
873 2031 1049 2072 promissus
1067 2042 1085 2061 a
1102 2031 1253 2070 Domino,
1279 2039 1311 2063 ut
1336 2031 1409 2063 huie
1436 2033 1595 2074 iniquitati
1621 2039 1770 2063 occurrat

128 2083 254 2116 dicens:
283 2084 438 2116 Occidisti
460 2086 587 2127 insuper
610 2092 637 2116 et
653 2084 850 2127 possedisti!
884 2083 950 2123 ubi,
981 2084 1123 2126 inquam,
1156 2084 1287 2126 Helyas,
1317 2091 1349 2116 ut
1375 2085 1527 2127 supplens
1559 2085 1590 2116 id
1622 2085 1707 2128 quod
1739 2086 1769 2116 in

84 2147 110 2168 16
127 2136 279 2169 Romanis
296 2137 396 2173 deest,
421 2145 576 2169 convertat
598 2150 651 2169 cor
661 2145 788 2180 patrum
817 2139 847 2169 [η
865 2138 958 2180 ιῙίίίοε
981 2145 1008 2169 et
1027 2138 1278 2180 ‹fot-clu‘tiliorum
1306 2140 1335 2169 ιἰι
1350 2146 1458 2180 patres
1482 2151 1597 2173 curma.
1622 2139 1714 2169 simul
1740 2147 1768 2170 et

126 2189 212 2232 ipsos
237 2191 397 2222 instruens
414 2190 586 2230 Romanos,
611 2198 768 2232 quatenus
793 2191 897 2221 sciant
921 2201 954 2221 se
979 2201 1042 2221 non
1067 2191 1098 2221 in
1117 2190 1377 2226 destructionem.
1403 2191 1460 2222 sed
1485 2192 1516 2222 in
1534 2191 1769 2222 edificationem

127 2242 336 2275 ecclesiarum
359 2249 551 2286 potestatem
575 2243 766 2286 accepisse?
815 2243 943 2274 Etenim
961 2243 1098 2274 ecclesie
1115 2244 1266 2275 universe
1291 2255 1407 2286 corpus
1432 2256 1504 2275 eum
1529 2245 1569 2275 sit
1594 2256 1701 2277 unum.
1723 2254 1769 2276 est

126 2301 234 2328 tamen
264 2302 296 2328 et
325 2297 357 2327 in
388 2295 533 2328 membra
563 2295 697 2339 pulchra
720 2297 877 2328 varietate
909 2295 1168 2336 subdistinctam,
1201 2297 1245 2328 ita
1273 2304 1306 2328 ut
1335 2297 1473 2339 quedam
1505 2297 1641 2328 ecclesie
1674 2299 1768 2329 etiam

127 2348 271 2381 membra
300 2349 340 2381 de
370 2349 514 2381 membro
546 2350 617 2380 sint.
664 2349 777 2380 Posuit
808 2360 937 2391 nanque
969 2349 1059 2381 Deus
1090 2350 1122 2380 in
1154 2350 1292 2381 eeclesia
1324 2351 1426 2392 primo
1457 2351 1634 2381 Romanum
1668 2352 1767 2393 ponti-

128 2465 241 2498 scopos
272 2461 303 2487 et
333 2455 392 2487 sub
424 2456 585 2498 episcopis
616 2454 823 2498 presbyteros
854 2461 886 2486 et
917 2455 1080 2498 reliquosa
1111 2456 1201 2487 ‘cleri
1233 2456 1362 2487 ordines
1395 2457 1573 2487 collocavit.
1622 2456 1654 2488 Si
1681 2469 1767 2498 ergo.

129 2507 397 2551 quemadmodum
437 2509 476 2540 de
516 2519 628 2540 cesare
667 2520 684 2539 a
724 2508 863 2550 quodam
903 2508 1024 2540 dictum
1064 2515 1126 2548 est,
1167 2509 1329 2540 Romanus
1368 2510 1513 2551 pontifex
1553 2511 1672 2542 onmia.
1714 2509 1766 2540 nbi

129 2561 268 2604 eorpus?
315 2561 402 2601 Quid
433 2569 540 2593 antem
570 2561 702 2604 prodest
732 2562 916 2604 quempiam
949 2562 1088 2593 civitatis
1120 2562 1204 2593 illius
1235 2570 1288 2593 aut
1321 2562 1404 2593 illius
1437 2563 1623 2604 episcopum
1649 2563 1710 2594 diei
1738 2572 1765 2594 et

130 2613 160 2645 ei
182 2613 223 2646 ab
247 2614 391 2646 eiusdem
415 2615 554 2646 civitatis
579 2613 727 2646 domibus
752 2614 955 2646 contradici?

234 2694 260 2722 a)
282 2696 386 2729 reliquo
406 2706 425 2721 c.

238 2758 266 2795 l)
294 2759 380 2787 Immo
411 2760 590 2787 Anastasitma
617 2760 668 2789 IV.
701 2760 748 2797 qui
780 2760 1019 2796 llrvspitalvnsihus
1047 2760 1221 2797 pre'rilegyitnu
1254 2761 1434 2797 :nrt-ruptionis
1465 2772 1491 2787 a.
1518 2761 1607 2788 115⁴.
1635 2764 1692 2786 (Μ.
1716 2762 1763 2787 21.

131 2810 227 2848 (Jaffe'
247 2822 290 2840 nr.
309 2812 406 2844 6815)
438 2813 528 2843 dedit,-
559 2813 598 2848 cf.
626 2813 801 2848 Sturmlzbjt'el
824 2812 845 2841 I.
869 2823 898 2849 μ.
918 2813 967 2840 2⁴.
1091 2813 1119 2839 2'·
1147 2814 1194 2847 (ff.
1220 2824 1308 2849 supra
1333 2824 1354 2840 v.
1375 2814 1433 2841 62:
1467 2813 1509 2840 lh·
1540 2819 1641 2850 quarm
1675 2814 1765 2850 rigyilia

132 2865 217 2893 noctis
239 2875 262 2893 c.
278 2866 326 2893 11.

127 2401 230 2442 ficem,
262 2402 378 2434 deinde
410 2402 610 2445 patriarchas
635 2409 666 2433 et
691 2403 852 2444 primates,
884 2403 984 2434 tercio
1017 2402 1263 2445 archipresules,
1293 2403 1410 2434 deinde
1443 2416 1499 2445 per
1527 2405 1673 2434 civitates
1703 2405 1766 2446 epi-
1791 2419 1798 2427 ·

1791 687 1824 710 ομ,
1836 687 1878 704 μιν..

1791 927 1839 945 ⁴1⁰⁴).

1790 2102 1808 2118 3.
1817 2100 1867 2118 Rvn'.
1876 2101 1944 2121 21,1⁴⁴.

1792 2154 1883 2171 ›taint-h.
1896 2155 1911 2173 Ι,
1918 2153 1938 2171 02.
