2233 3252
481 218 663 248 MONAcm
687 218 828 247 EXULIS
853 219 882 247 S.
908 219 1122 248 LAURENTH
1149 220 1396 248 OPUSCULUM.
1699 218 1759 249 641

537 311 653 344 Preter
675 311 736 343 hoc
760 316 879 350 autem,
904 322 982 354 rogo
1007 323 1075 351 vos,
1101 312 1209 344 videte

539 363 710 397 Publicum
734 369 887 404 montem,
912 364 1077 404 Bronium,
1103 364 1289 397 Floriana-2

476 425 510 451 75
539 417 778 450 wolbodonem
802 428 860 449 vos
884 428 1014 460 quoquo
1038 417 1222 450 iudicastis:

591 471 714 504 Rursus
737 469 874 503 habetis.

536 524 580 557 Et
603 513 698 556 meus
718 523 947 566 Berengarius,
972 529 1119 566 rogatum

539 576 645 618 Quem
670 576 746 609 dedi
770 575 864 608 vobis
888 576 968 609 alins
993 576 1025 608 in
1050 575 1155 616 horas,

536 630 652 663 Pulsus
676 635 726 662 est
748 629 813 662 ulla
836 630 905 661 sine
930 628 1012 672 lege,
1037 628 1126 661 nulla

474 691 508 716 80
590 683 672 716 Cum
696 683 832 715 rationo.

534 736 623 777 Quid
646 736 753 778 modo,
777 735 885 777 vultis,
910 747 1001 768 meus
1025 734 1128 768 abbas
1152 735 1265 768 dieat?

535 789 678 830 Queritis
702 799 828 828 caunas,
853 788 908 821 ubi
933 794 980 821 tot
1002 788 1147 821 videtis?

533 842 706 875 Iudieastis
730 854 788 874 vos
812 842 918 885 potius
942 846 1097 874 nocentes

589 898 598 909 ⁴
607 895 856 928 Theodericum.
1781 901 1811 921 η.
1820 901 1867 921 m.

474 957 507 981 85
536 949 666 981 Iudices
690 948 782 989 tales,
806 948 990 981 dominator
1012 947 1110 988 orbis,

535 1002 692 1043 Pei-doce,
717 1013 828 1045 quesn,
853 1001 984 1034 meliore
1009 1012 1116 1042 sensu,

537 1055 610 1096 Quo
634 1066 725 1087 suam
750 1054 879 1098 culpam
903 1054 1076 1095 fateantur,
1100 1059 1196 1098 atquc

587 1107 707 1140 Nostra
730 1107 914 1151 reponant'.

532 1259 640 1292 Mater
661 1264 772 1292 nostra
796 1259 874 1293 Sion
899 1259 975 1291 dum
999 1264 1063 1292 stat
1087 1265 1119 1292 et
1142 1259 1242 1300 audit,

534 1312 607 1355 Que
630 1312 716 1345 mala
739 1312 916 1356 pertulerit,
941 1312 1149 1354 dinumerari,

533 1365 588 1398 Sic
613 1365 714 1398 oeulis
738 1365 870 1398 laci-ime
894 1365 1082 1409 prosiluere,

534 1419 626 1452 Sicut
649 1419 817 1451 aromatici
842 1419 970 1462 virgula
993 1419 1073 1451 fumi

489 1480 505 1504 5
536 1472 646 1504 Thure
670 1473 874 1515 superposito
898 1473 1002 1516 surgit
1025 1472 1066 1505 ab
1090 1473 1158 1516 igni
1169 1475 1189 1505 ¹.

529 1521 625 1566 '‘Sic’,
651 1526 705 1566 ait,
731 1526 898 1567 ιωιοιιιίον,
923 1537 1046 1558 summe
1071 1531 1208 1559 creator.

532 1579 605 1611 Hec
629 1578 715 1611 mala
738 1584 856 1611 cuneta
879 1590 977 1622 super
999 1590 1051 1611 me
1076 1579 1274 1612 ceciderunt.

536 1631 608 1675 Que
633 1643 703 1663 sum
728 1632 847 1675 passe)³
870 1643 943 1664 meo
968 1633 1102 1665 crimine
1125 1632 1222 1665 nullo.

530 1685 607 1717 Heu
630 1686 699 1717 me!
725 1690 848 1728 quanta
870 1685 945 1717 tuli!
971 1691 1048 1729 quot
1070 1685 1157 1718 mala
1178 1685 1258 1727 vidi,

471 1746 504 1770 lo
532 1738 585 1770 Ex
609 1749 673 1781 quo
698 1738 806 1770 fratris
829 1737 915 1770 Abel
939 1738 1081 1771 concidit
1103 1739 1188 1771 ictu!

532 1791 598 1831 Qui
621 1797 698 1824 tunc
721 1803 772 1823 me
796 1792 884 1824 feriit
905 1791 1050 1833 malleus,
1074 1791 1162 1824 idem

529 1844 638 1876 Durat
662 1844 784 1886 adhuc3
810 1850 958 1888 superest
981 1850 1014 1877 et
1035 1844 1130 1877 faber
1152 1845 1249 1877 idem.

529 1898 601 1930 Iam
623 1909 698 1930 mea
721 1899 872 1930 continuo
895 1898 1001 1930 fracta
1023 1898 1134 1931 labore

529 1951 630 1983 Venit
652 1951 695 1983 ad
717 1963 821 1994 usque
845 1963 980 1995 gravem
1001 1952 1071 1984 vita
1093 1957 1269 1984 senectam.

152 2131 154 2134 ,
210 2102 238 2134 a)
258 2103 377 2130 morinis
395 2113 416 2130 ο.
489 2103 518 2135 b)
539 2113 619 2138 passa
638 2113 697 2130 sum
716 2114 752 2136 c.;
774 2104 840 2138 quod
857 2113 914 2130 cum
931 2109 1008 2131 metro
1022 2110 1131 2138 pugnae.

213 2189 243 2234 1)
261 2193 366 2224 C'hron.
382 2205 406 2223 s.
424 2195 516 2224 Laur.
534 2205 557 2223 c.
576 2195 628 2230 44,
653 2194 708 2223 SS.
723 2195 804 2230 VIII,
823 2205 856 2234 p.
876 2195 949 2224 276.
1020 2192 1050 2234 2)
1069 2194 1177 2225 Gantic.
1197 2196 1226 2231 3,
1241 2196 1273 2224 6:
1293 2195 1373 2228 Quae
1392 2201 1435 2225 est
1452 2197 1516 2229 ista,
1535 2206 1607 2232 quae
1625 2197 1753 2224 aseendit

83 2245 180 2277 ‘sicut
201 2248 311 2284 virgula
333 2248 402 2276 fumi
425 2257 460 2276 cx
483 2249 654 2276 aromatibus
678 2248 806 2285 myrrhae
832 2252 862 2277 et
885 2249 975 2277 thuris
997 2258 1051 2286 per
1073 2250 1240 2278 desertum?

175 2939 277 2967 Liboni
295 2941 329 2967 de
349 2940 406 2968 lite.
436 2942 492 2967 111.
1507 2944 1537 2968 81
