2233 3252
408 1523 465 1540 llll.

370 1549 464 1572 Apum.

310 1588 466 1610 cs.‹}en.32,‘.16.

357 1854 383 1872 u»,
392 1854 424 1876 -25,
434 1855 467 1874 31.

460 2291 465 2296 .
488 2264 603 2294 seculis
633 2270 663 2294 et
692 2263 935 2305 indignantibus
967 2275 1075 2294 secum
1106 2263 1254 2302 ducebat,
1286 2275 1380 2305 papa,
1406 2265 1498 2306 quasi
1523 2264 1637 2295 suumf
1663 2265 1837 2306 captivum,
1869 2265 1938 2306 ipso
1965 2264 2127 2294 *nimirum

491 210 553 237 :2¹:254
783 209 960 235 GERHOHI
985 207 1214 234 PRAEPOSITI
1238 206 1643 234 REICHERSBERGENSIS
1668 207 1831 233 LLBELLI.

490 311 567 334 rent.
587 303 677 344 quasi
703 303 767 332 iam
792 300 1031 332 interficiendam
1056 301 1116 331 nisi
1138 301 1397 331 consensissenta
1416 299 1586 330 Churadus
1604 299 1795 330 Iuvavensis
1820 299 2082 342 archiepiscopus
2091 301 2133 321 b·¹

489 356 584 386 etiam
609 361 705 397 caput
730 355 856 396 potius-¹*
876 353 1108 395 amputandum
1126 354 1280 395 porrexit,
1306 364 1401 394 quam
1427 358 1460 383 ut
1485 352 1526 383 ad
1551 363 1599 388 ca,
1625 364 1687 394 que
1712 352 1914 394 petebantur,
1940 364 2133 385 eonsensum

488 408 645 450 preberet.
694 408 735 438 Et
766 407 841 437 dum
867 406 987 437 clamor
1018 406 1091 437 hinc
1119 406 1193 437 inde
1219 406 1371 437 confusus
1398 405 1586 447 aliquandiu
1610 405 1875 447 percrebruisset,
1907 417 1966 437 rex
1990 418 2063 437 eum
2086 407 2132 437 in-

487 461 670 502 dignatimm
696 468 727 491 et
751 466 838 491 motu
862 460 959 490 animi
985 470 1120 501 surgens
1146 458 1235 490 abire
1261 459 1356 500 cepit.
1393 458 1459 490 Sed
1483 463 1514 488 et
1538 458 1674 488 domnus
1699 469 1784 500 papa
1809 470 1850 489 ex
1874 464 2027 501 precepto
2052 459 2132 490 mili-

488 523 552 545 tum
578 525 650 544 cum
676 525 750 555 rege
777 519 807 544 et
832 519 903 554 post
927 524 1036 553 regem
1061 511 1150 542 abire
1176 512 1359 553 compulsus
1384 517 1440 542 est.
1489 511 1575 541 Hinc
1606 510 1708 552 preda
1733 517 1904 550 crassatur,
1935 511 2011 543 hinc
2036 511 2132 543 cedes
2152 525 2164 544 5

487 567 605 598 civium
631 567 847 597 Romanorum
872 577 929 607 pro
954 570 1082 607 pastore
1113 576 1180 601 suo,
1210 576 1305 606 quem
1334 564 1472 595 liberare
1504 563 1726 605 recupiebant,
1759 565 1979 604 morientium3
2012 565 2133 607 captivi

390 634 399 643 ⁸
434 633 466 650 37.
487 631 613 661 quoque
639 619 747 650 domni
773 618 953 649 cardinales
978 618 1148 649 trahuntur
1172 617 1318 659 aliusque
1343 617 1448 648 clerus
1473 618 1556 647 intra
1582 616 1751 647 *ambitum
1777 617 1913 648 ecclesie
1937 617 2025 649 beati
2044 618 2133 649 Petri

487 674 644 703 inventus.
694 673 810 703 Omnia
843 671 1001 713 siquidem
1033 672 1114 702 ostia
1146 671 1282 701 ecclesie
1315 670 1485 701 observata
1517 670 1654 707 fuerant,
1686 681 1725 701 ne
1755 671 1825 712 quis
1856 669 1957 701 libere
1990 671 2132 713 effugere

487 726 650 768 potuisset.
699 726 853 767 Episcopi
878 725 1026 755 videntes
1052 735 1113 766 que
1138 723 1259 754 fiebant
1283 735 1412 765 gemere
1437 734 1474 754 ac
1499 723 1625 754 facinus
1650 722 1814 760 detestari,
1840 723 2045 765 sacrilegium
2070 724 2132 755 ela-

487 780 610 810 mitare..
657 778 759 809 Multa
783 790 859 809 vero
885 784 916 808 et
940 777 1148 808 inenarrabili
1173 776 1253 807 cede
1278 777 1311 807 iu
1336 777 1423 807 cives
1448 781 1633 818 perpetrata
1658 787 1716 807 rex
1741 775 1808 807 abit
1832 781 1863 808 et
1888 776 2023 808 domnus
2047 788 2133 819 papa
2153 791 2178 809 ιο

486 831 628 863 Pascalis
661 843 733 862 011111
764 843 811 867 eo,
845 831 902 862 sed
934 831 1057 861 cinctus
1089 830 1129 861 ab
1162 829 1224 860 alio
1256 835 1287 860 et
1318 829 1433 860 duetus
1465 841 1528 871 quo
1560 829 1699 860 nolebat.
1747 829 1827 860 Erat
1851 829 1963 860 videre
1991 830 2130 861 miseria.

487 885 676 915 (¹ardinales
702 884 819 926 aliique
845 884 953 915 clerici
978 889 1088 915 tenere
1113 883 1242 914 educati
1266 882 1396 913 funibus
1421 881 1631 913 trahebantur
1655 882 1695 913 ab
1721 882 1893 924 equitibus,
1914 894 1994 925 quos
2018 883 2073 923 illi,
2098 888 2132 914 ut

487 944 642 980 poterant,
675 937 894 979 sequebantur
924 949 982 979 per
1006 937 1129 979 plateas
1160 936 1225 967 luto
1257 935 1416 978 profundo
1445 947 1482 966 ac
1508 936 1613 966 tenaci
1637 936 1694 966 vix
1719 941 1931 977 emergentes.
1980 936 2130 978 Dumque

486 991 610 1033 pedites
629 990 790 1033 equitibus
808 990 1012 1022 coambulare
1030 1002 1093 1021 11011
1110 995 1252 1032 possent,
1277 990 1354 1020 astis
1379 989 1572 1020 transversis
1589 1000 1700 1020 eorum
1717 989 1847 1020 dorsum
1872 995 1904 1020 et
1927 989 2028 1021 latera
2052 1001 2130 1031 pun-

486 1050 597 1086 gentes
622 1044 664 1075 ad
688 1044 880 1075 currendum
906 1043 1075 1085 cogebant,
1108 1044 1151 1074 ita
1175 1048 1209 1073 ut
1234 1043 1332 1084 aliqui
1364 1043 1447 1073 inter
1471 1054 1583 1073 manus
1608 1042 1803 1073 trahentium
1828 1043 1928 1073 vitam
1953 1042 2129 1074 exalarent.
2152 1056 2175 1074 15

488 1098 551 1137 Qui
576 1109 652 1128 vero
678 1098 934 1139 supervixissent.
964 1097 1022 1127 hos
1053 1108 1111 1138 per
1134 1102 1291 1127 nocturna
1314 1101 1460 1137 tempora
1484 1095 1536 1126 vel
1562 1095 1664 1126 saccis
1689 1095 1829 1126 inclusos
1853 1095 1905 1126 vel
1930 1096 2051 1127 eatenis
2076 1101 2131 1126 aut

487 1151 557 1181 aliis
583 1151 729 1190 vinculis,
759 1162 798 1181 ne
824 1150 901 1192 fuga
924 1149 1117 1189 laberentur,
1148 1150 1295 1180 astrictos
1321 1148 1505 1185 servabant,
1531 1148 1633 1179 donec
1658 1148 1740 1179 forte
1765 1148 1834 1179 eisd
1858 1149 2024 1190 pecunias,
2050 1160 2130 1190 quas

486 1204 537 1234 vel
562 1215 620 1245 per
644 1215 677 1234 se
702 1204 752 1234 vel
777 1204 920 1234 amicos?
942 1202 1061 1233 habere
1084 1208 1240 1244 poterant,
1266 1202 1485 1233 extorsissent.
1534 1201 1601 1232 Nec
1626 1202 1742 1232 mirum
1766 1201 1826 1232 hoc
1850 1201 1890 1232 de
1914 1202 2008 1241 vivis,
2034 1202 2129 1244 siqui-

487 1256 559 1287 dem
589 1262 619 1287 et
649 1257 808 1287 cadavera
836 1257 930 1287 victis
962 1255 1087 1287 civibus
1118 1261 1244 1286 mortua
1274 1267 1331 1297 pro
1364 1255 1500 1296 captivis
1531 1254 1728 1285 redimendis
1759 1254 1912 1297 pleraque
1945 1255 2040 1286 etiam
2071 1266 2129 1296 pro

487 1310 642 1352 pecuniae
667 1310 776 1351 precio
801 1309 1058 1340 venditaverant.
1105 1309 1147 1339 Et
1171 1320 1255 1350 papa
1280 1308 1411 1350 quidem
1436 1307 1614 1339 ducebatur
1638 1319 1675 1338 ac
1701 1307 1891 1339 servabatur
1914 1309 1947 1339 in
1972 1308 2129 1347 custodia,
2149 1322 2174 1340 20

486 1362 687 1394 honorabant
703 1374 780 1393 vero
805 1374 876 1393 eum
902 1362 1127 1393 nichilominus
1152 1362 1295 1403 episcopi
1321 1361 1438 1403 aliique
1460 1362 1608 1392 timentes
1626 1361 1742 1392 Deum.
1778 1361 1827 1392 Ea
1852 1373 1929 1392 sane
1954 1362 2128 1392 intentione

486 1427 504 1446 a
529 1427 604 1457 rege
629 1415 809 1446 ducebatur
833 1416 991 1457 captivus,
1017 1420 1174 1457 quatenus
1199 1415 1395 1457 captivitatis
1419 1414 1494 1445 fune
1513 1414 1772 1445 benedictionem
1797 1415 1826 1445 ei
1851 1414 2050 1456 imperialem
2075 1426 2128 1445 ex-

486 1474 649 1510 torqueret
673 1470 783 1511 sicque
808 1480 872 1499 una
897 1480 969 1499 cum
994 1468 1219 1499 benedictione
1244 1468 1295 1498 vel
1324 1468 1530 1498 investituras
1555 1468 1798 1509 episcopatuum
1823 1467 1983 1499 obtineret
2006 1467 2057 1499 vel
2081 1479 2129 1498 re-

486 1522 571 1563 galia
596 1523 703 1553 omnia
734 1522 774 1553 ad
802 1522 974 1563 imperium
999 1521 1176 1552 retraheret
1187 1524 1206 1552 2.
1253 1521 1327 1552 Non
1358 1521 1515 1551 dimittam
1547 1526 1587 1557 te,
1619 1521 1778 1562 inquiens,
1810 1521 1871 1551 nisi
1902 1520 2009 1551 taliter
2032 1520 2128 1551 bene-

486 1575 606 1606 dixeris
632 1575 724 1615 mihi,
750 1575 807 1605 sed
832 1575 964 1605 multum
982 1574 1146 1605 dissimilis
1172 1574 1211 1605 ab
1230 1574 1292 1613 illo,
1319 1575 1372 1616 qui
1397 1574 1456 1605 hec
1474 1575 1561 1616 prior
1578 1573 1716 1605 dicebat.
1757 1574 1839 1605 Nam
1863 1573 1915 1604 ille
1940 1573 2128 1613 humilitate,
2148 1587 2173 1606 25

485 1628 560 1658 fletu
586 1640 622 1659 ac
648 1627 799 1670 precibus
824 1627 864 1658 ab
889 1627 1004 1669 angelo
1029 1627 1287 1658 benedictionem
1312 1627 1458 1663 obtinuit,
1485 1628 1567 1658 sieut
1592 1627 1631 1658 de
1656 1638 1693 1658 eo
1719 1628 1873 1669 seriptum
1895 1631 1952 1667 est,
1978 1627 2128 1669 quoniam

486 1682 516 1711 in
542 1681 728 1712 fortitudine
754 1692 812 1711 sua
836 1681 977 1711 directus
1003 1686 1050 1711 est
1075 1692 1147 1711 011111
1172 1680 1297 1722 angele,
1322 1680 1458 1711 invaluit
1482 1680 1523 1711 ad
1545 1680 1705 1722 angelum,
1730 1679 1820 1711 flevit
1841 1686 1872 1711 et
1892 1681 2020 1722 rogavit
2041 1691 2127 1720 eum3

487 1735 544 1765 iste
570 1746 645 1766 vero
671 1735 868 1776 captivitate,
900 1734 994 1764 minis
1020 1745 1057 1764 ac
1082 1733 1257 1764 terroribus
1286 1733 1458 1775 multisque
1488 1733 1666 1775 sacrilegiis
1691 1744 1808 1764 corone
1833 1733 2007 1775 imperialis
2033 1732 2127 1764 bene-

487 1787 659 1818 dictionem
685 1787 789 1818 dicam
814 1798 855 1817 an
880 1786 1150 1825 maledictionem,
1182 1786 1319 1828 qualiter
1343 1786 1559 1825 desiderabat,
1585 1787 1729 1817 extorsit.
1777 1786 1819 1817 Et
1843 1786 1895 1817 ille
1920 1786 2049 1828 quidem
2073 1797 2127 1828 pa-

485 1840 634 1878 triarcha,
660 1840 813 1871 videlicet
836 1839 945 1878 Iacob,
971 1839 1011 1870 ab
1036 1840 1151 1881 angelo
1175 1839 1366 1870 benedictus
1390 1839 1533 1870 marcido
1558 1839 1688 1870 femoris
1712 1850 1812 1870 nervo
1836 1851 1899 1870 uno
1925 1839 2129 1870 claudicabat
2148 1853 2172 1871 ³0

485 1893 578 1935 pede,
604 1894 705 1924 maior
721 1893 873 1924 videlicet
897 1893 928 1923 in
946 1893 1177 1934 spiritualibus,
1203 1894 1235 1923 in
1253 1892 1369 1934 quibus
1390 1904 1447 1935 per
1463 1892 1722 1924 benedictionem
1740 1897 1939 1932 excreverat,
1964 1903 2002 1923 ae
2026 1893 2129 1923 minor

485 1947 515 1977 in
534 1945 764 1988 temporalibus
782 1946 935 1985 existens,
959 1946 1044 1987 quod
1067 1947 1230 1987 proprium
1249 1951 1297 1976 est
1318 1946 1540 1983 claudicantis,
1566 1951 1600 1976 ut
1620 1957 1683 1977 uno
1705 1945 1788 1987 pede
1813 1945 1933 1984 fortior,
1959 1945 2057 1976 altero
2082 1946 2127 1976 in-

485 2000 604 2030 firmior
628 1999 767 2030 incedat.
816 1999 879 2029 Iste
905 2010 981 2029 vcro
1013 1999 1075 2029 iam
1108 1999 1314 2040 imperatoria
1337 1998 1562 2029 benedictione
1588 2003 1742 2040 percepta
1766 1998 1913 2040 equalem
1938 2004 2128 2040 potestatem

486 2052 545 2082 sibi
572 2053 602 2082 in
621 2051 840 2094 spiritualibus
865 2063 902 2082 ac
927 2052 1157 2093 temporalibus
1175 2051 1380 2083 vendicabat.
1415 2052 1498 2082 Nam
1525 2052 1640 2093 spretis
1666 2051 1876 2082 electionibus
1900 2052 1927 2082 is
1952 2051 2039 2093 apud
2056 2063 2128 2082 eum

485 2105 612 2146 dignior
636 2106 751 2136 ceteris
777 2106 981 2146 episcopatus
1006 2105 1125 2135 honore
1151 2104 1277 2136 habitus
1302 2110 1359 2144 est,
1385 2106 1439 2147 qui
1465 2106 1493 2135 ci
1518 2104 1569 2135 vel
1593 2105 1782 2135 familiarior
1799 2105 1959 2135 extitisset
1982 2104 2033 2135 vel
2057 2104 2127 2146 plus
2148 2117 2172 2136 ³5

486 2158 631 2199 obsequii
657 2164 710 2188 aut
734 2159 871 2199 pecunie
896 2157 1072 2188 obtulisset.
1120 2158 1161 2188 Et
1186 2157 1367 2188 obtinuerat
1391 2158 1521 2199 quidem
1546 2158 1578 2188 in
1603 2158 1681 2199 ipsis
1706 2158 1850 2189 tentoriis
1867 2157 2071 2199 privilegium
2089 2157 2127 2188 de

486 2211 686 2242 retrahendis
719 2210 866 2241 omnibus
898 2210 1060 2252 regalibus
1092 2210 1133 2241 ad
1165 2211 1347 2252 imperium,
1378 2211 1472 2253 quale
1497 2211 1598 2242 voluit
1628 2210 1669 2241 ab
1702 2211 1781 2253 ipso,
1811 2222 1907 2253 quem
1938 2210 2127 2242 mirantibus

486 2317 602 2348 domno
628 2328 709 2358 papa
735 2317 853 2358 optime
879 2316 994 2347 callido
1020 2328 1056 2347 ac
1082 2317 1203 2347 sciente
1227 2317 1442 2358 privilegium,
1468 2317 1554 2359 quod
1579 2318 1611 2347 in
1628 2317 1772 2348 tentoriis
1797 2328 1816 2347 a
1840 2317 1969 2359 captivo
1987 2316 2125 2356 daretur,
2229 2300 2232 2339 1

486 2370 587 2400 nullas
604 2370 689 2400 vires
714 2369 907 2400 habiturum.
955 2370 1016 2400 Pro
1042 2381 1105 2411 qua
1129 2381 1162 2399 re
1187 2370 1329 2400 universi
1355 2381 1436 2411 pene
1455 2370 1592 2401 Francie
1617 2370 1761 2412 episcopi
1786 2370 1955 2400 consilium
1978 2370 2125 2409 inierant,
2143 2382 2169 2401 «ιο
2228 2341 2230 2390 l

486 2429 642 2464 quatfmus
667 2423 984 2453 1·xcommunicarent
1016 2423 1120 2464 ipsum
1149 2434 1265 2464 papam
1290 2423 1467 2459 Pascalem,
1499 2428 1663 2465 tamquam
1688 2423 1844 2454 ecclesiae
1869 2423 1992 2454 hostem
2018 2428 2048 2453 et
2073 2422 2124 2453 de·
2226 2412 2229 2462 J

485 2482 673 2506 structorem
705 2476 767 2505 nisi
798 2475 1003 2516 privilegium
1034 2475 1118 2505 idem
1150 2476 1219 2516 ipse
1249 2476 1303 2517 qui
1333 2475 1420 2506 dedit
1449 2476 1668 2507 damnavisset
1679 2478 1698 2507 3.
1748 2475 1844 2515 Quod
1867 2481 1898 2507 et
1922 2476 2042 2507 factum
2067 2480 2123 2506 est.

590 2580 615 2605 a)
633 2576 812 2599 consensissvt
827 2585 845 2598 r.
904 2576 929 2599 l»
947 2576 1023 2606 quasi
1039 2575 1150 2604 signifer
1165 2576 1233 2598 inter
1248 2576 1400 2606 epist-opus,
1416 2580 1510 2607 utpute
1525 2576 1642 2599 nobilior
1657 2580 1681 2599 et
1696 2577 1853 2600 honoratior
1868 2577 1963 2600 ceteris
1981 2575 2040 2599 add.
2054 2575 2122 2599 Ann.

486 2620 620 2643 [trit-lmzwl).
677 2621 702 2648 ι’)
724 2620 806 2643 totius
826 2630 845 2642 r,
902 2619 928 2643 d)
952 2619 1015 2642 [urar
1030 2620 1066 2642 eis
1087 2624 1109 2641 et
1129 2620 1258 2650 pecunias
1278 2619 1321 2642 lm(-
1336 2620 1430 2650 sissumu
1455 2626 1469 2649 p
1485 2625 1571 2651 postea
1589 2620 1648 2644 add.
1663 2630 1682 2644 1.
1739 2619 1763 2647 e)
1785 2621 1884 2644 amicas
1898 2629 1917 2643 0.
1973 2620 1993 2648 f)
2016 2628 2090 2644 suem
2103 2627 2122 2643 c.
2220 2623 2222 2636 1

594 2710 621 2741 1)
654 2709 700 2744 (Υ,
728 2711 789 2735 (fillo
816 2709 890 2735 Fris.
919 2709 1021 2737 (lla-071.
1049 2710 1064 2735 l.
1083 2709 1144 2736 Vll.
1171 2720 1192 2736 ‹·.
1219 2710 1247 2741 4,
1279 2710 1331 2737 SS.
1358 2710 1424 2738 XA'.
1445 2721 1476 2747 p.
1497 2710 1576 2744 255;
1609 2711 1670 2738 Vita
1697 2710 1862 2739 C'lzztonradi
1891 2706 1912 2738 e.
1932 2711 1959 2743 9,
1991 2711 2043 2738 SS.
2069 2710 2120 2744 XI,
2139 2716 2164 2736 45
2217 2688 2220 2734 1

479 2774 510 2800 p.
531 2764 587 2791 68:
613 2763 652 2797 t·f.
677 2763 715 2789 ll'.
735 2762 862 2790 Ribbeck.
881 2762 1009 2789 ‘lv‘orsvlu
1035 2772 1058 2788 ε.
1082 2762 1117 2788 Ι).
1135 2763 1245 2789 (J'esvh)
1264 2762 1375 2796 XXII]
1396 2774 1428 2799 p.
1446 2764 1493 2797 12,
1520 2774 1546 2791 η.
1566 2765 1590 2791 l.
1684 2764 1713 2793 2)
1738 2764 1829 2799 Jast‘e',
1855 2764 1927 2791 Bibl.
1949 2765 1978 2798 V,
1999 2774 2030 2801 p.
2050 2763 2120 2790 276.
2216 2752 2218 2772 l

486 2817 515 2850 3¹)
542 2817 588 2850 (js.
617 2816 655 2842 11⁷.
683 2816 796 2843 ermm.
823 2815 888 2841 *Die
919 2815 1019 2841 Palitlk·
1050 2815 1138 2851 l'apsl
1163 2815 1309 2842 Pam-halis
1334 2816 1372 2842 II.
1403 2827 1489 2853 gycyrsn
1517 2817 1622 2844 Kaiser
1646 2817 1781 2845 Heinrich
1806 2818 1847 2844 VJ
1879 2814 2003 2853 (Erfurt
2028 2813 2120 2853 1877)

479 2880 509 2905 p.
530 2869 568 2894 ‘25
586 2880 625 2904 sq.

2212 2792 2216 2886 1

2210 2906 2212 2952 ι
