2233 3252
364 1164 390 1181 ’11
403 1163 452 1181 108¹.

373 1749 455 1766 ’1.11Π,

341 2385 427 2405 uonna,
441 2386 457 2404 1.

341 2492 457 2511 luh.1.›,1.

473 208 534 236 2132
763 207 938 234 GERHOHI
966 206 1195 232 PRAEPOSITI
1219 205 1624 232 REICHERSBERGENSIS
1648 206 1812 232 LIBELLI.

473 311 567 333 [ulcu]
588 307 689 343 potest
708 312 794 335 csse:
821 299 877 330 sed
902 300 970 341 ipsa
989 299 1104 333 unitas,
1132 304 1164 329 ut
1189 298 1256 329 dixi
1282 304 1374 329 extra
1399 299 1603 340 semetipsam
1625 310 1689 329 non
1706 304 1809 340 potest
1827 309 1907 337 esse,
1933 310 1992 329 nec
2010 304 2115 341 potest

472 356 640 397 quisquam
674 352 904 384 indivisibilem
937 352 1090 382 unitatem
1124 351 1279 382 dividere.
1328 352 1409 382 Cum
1435 362 1511 393 ergo
1536 352 1664 393 signum
1688 351 1819 382 unitatis
1844 357 1892 382 est
1916 356 2023 393 preter
2046 352 2114 382 uni-

472 417 578 440 tatem.
611 406 651 437 ad
677 418 772 448 quam
799 405 1045 447 significandam
1070 405 1129 435 fuit
1154 405 1365 439 institutuma,
1398 403 1495 435 habet
1527 404 1657 446 quidem
1689 405 1804 435 suimet
1836 405 1985 436 effectum
2009 405 2114 446 ipsum

472 466 718 491 sacramentum.
746 470 840 500 quein
865 470 961 500 supra
988 458 1128 488 diximus
1154 457 1303 488 effectum
1328 458 1510 499 passivum,
1543 457 1600 488 scd
1625 469 1687 488 non
1714 457 1811 488 habet
1836 458 1996 494 effectum,
2019 469 2114 499 quem

471 515 578 544 (licere
605 524 773 554 possumus
799 512 956 551 activum,
983 511 1135 553 quoniam
1160 511 1265 552 ipsum
1283 510 1411 552 quidem
1437 516 1675 541 sacramentum
1699 510 1838 541 efficitur
1862 511 1913 541 vel
1937 511 2114 550 conficitur,

472 567 545 597 ‹hnn
572 565 672 595 verbo
698 565 873 596 accedente
905 564 945 595 ad
971 564 1164 595 elementum
1196 574 1287 594 sacre
1319 564 1365 594 rei
1395 564 1521 605 signum
1552 563 1733 605 perficitur:
1767 563 1824 594 sed
1849 564 1925 606 quia
1949 575 2041 595 sacra
2065 575 2115 595 res

474 620 534 650 illic
561 619 660 652 deest,
687 630 749 649 non
775 618 873 649 efficit
899 629 972 648 suos
998 617 1130 648 effectus
1156 618 1259 658 ipsum
1285 622 1531 647 sacramentum.
1569 616 1738 656 Quomodo
1757 617 1842 647 enim
1859 628 1975 658 corpus
1993 616 2115 659 absque

472 673 577 703 anima
603 671 699 703 nichil
726 678 886 713 operatur,
913 672 957 702 sic
984 676 1221 701 sacramentum
1246 670 1377 700 unitatis
1403 669 1525 711 absque
1550 670 1672 700 unitate
1697 681 1770 700 suos
1795 670 1928 701 effectus
1953 682 2016 701 non
2041 681 2115 712 ope-

473 732 568 756 ratur.
615 725 697 755 Nam
723 725 805 755 sicut
830 725 956 766 corpori
982 729 1015 754 ut
1039 723 1160 765 aliquid
1185 728 1345 764 operetur,
1378 723 1483 753 anima
1509 728 1710 764 cooperatur,
1742 724 1787 754 sic
1813 729 2014 754 sacramento
2046 724 2114 754 uni-

472 780 554 812 tatis,
580 784 613 809 ut
638 777 761 819 aliquid
786 783 946 819 operetur.
973 778 1041 819 ipsa
1066 777 1171 807 unitas
1197 782 1404 817 cooperatur:
1431 782 1461 806 et
1486 777 1569 806 sicut
1594 787 1709 817 corpus
1735 782 1782 807 est
1802 777 1910 806 vivum
1936 776 2058 807 habens
2083 777 2115 807 in

473 844 505 861 so
524 832 740 862 vivificantem
766 832 922 872 spiritum,
949 841 1050 871 eoque
1077 829 1249 865 subtracto,
1276 834 1323 859 est
1347 834 1523 863 mortuum:
1550 830 1595 860 sic
1621 834 1857 860 sacramentum
1878 830 2008 860 unitatis
2025 830 2115 868 vivit,

474 886 498 915 si
523 886 627 926 ipsum
660 885 690 914 in
717 884 838 914 unitate
865 890 895 914 et
918 884 1023 914 unitas
1055 883 1087 913 in
1120 883 1188 924 ipso
1221 882 1377 920 consistit,
1410 887 1440 912 et
1472 881 1512 912 ab
1545 882 1666 912 unitate
1699 882 1878 913 seiunctum
1910 883 2037 924 penitus
2069 888 2117 913 est

473 945 641 970 nnn-tuum,
667 944 697 968 et
723 937 763 967 ad
781 948 835 967 eos
861 937 993 967 effectus
1014 947 1093 978 quos
1119 935 1248 966 efficere
1275 935 1408 966 deberet
1432 935 1619 966 invalidum.
1656 935 1859 977 cooperante
1884 947 2022 978 namque
2048 936 2115 966 uni-

474 997 547 1022 tate.
574 996 775 1021 sacramenta
799 989 963 1020 nonnichil
985 989 1137 1024 efficiunt,
1156 989 1232 1030 quia
1250 994 1424 1030 operantur
1448 989 1481 1018 in
1498 989 1653 1019 creaturis
1678 988 1828 1031 triforme}
1844 1000 1924 1030 opus
1942 988 2115 1026 Creatoris,

474 1045 504 1075 id
531 1050 577 1074 est
602 1043 899 1077 sanctificationem,
932 1043 1210 1084 permutationem,
1237 1041 1380 1072 salutem.
1429 1041 1724 1073 Sanctificationem
1751 1042 1847 1072 etiam
1871 1042 1905 1072 in
1928 1041 2024 1072 rebus
2049 1042 2116 1072 ina-

474 1098 610 1130 nimatis,
637 1103 670 1127 ut
695 1098 727 1127 in
753 1097 901 1127 crismate
926 1095 977 1126 vel
1008 1096 1040 1126 in
1066 1095 1184 1137 templo
1210 1095 1404 1133 manufacto,
1431 1106 1492 1136 que
1518 1106 1576 1136 per
1599 1094 1700 1125 verba
1731 1095 1792 1125 alia
1822 1106 1986 1126 sacrarum
2011 1106 2116 1126 rerum

474 1152 566 1192 signa
597 1150 849 1184 sanctificantur,
882 1149 1160 1190 permutatitmem,
1191 1154 1226 1179 ut
1256 1149 1289 1179 in
1314 1159 1396 1190 pane
1428 1148 1488 1178 acb
1513 1149 1599 1187 vino,
1627 1150 1702 1190 *que
1727 1148 1803 1178 duni
1828 1148 2059 1183 sacrificantur,
2084 1149 2117 1178 in

474 1203 560 1234 aliud
592 1208 823 1245 permutantur,
856 1202 1001 1241 salutem,
1034 1202 1108 1243 quia
1140 1201 1251 1232 fideles
1283 1201 1380 1243 digne
1410 1202 1619 1232 sacramentis
1650 1201 1884 1242 participantes
1923 1206 1954 1232 et
1985 1202 2017 1231 in
2049 1201 2116 1232 uni-

474 1263 537 1288 tate
570 1261 816 1298 perseverantes
853 1266 910 1297 per
941 1266 979 1285 ea
1010 1255 1184 1286 salvantur.
1239 1255 1309 1285 Hec
1341 1260 1449 1285 autem
1481 1255 1598 1288 onmia.
1631 1254 1783 1285 videlicet
1818 1254 2116 1294 sanctificationem,

475 1310 742 1351 permutationem
774 1314 805 1339 et
837 1308 970 1339 salutem
1002 1314 1154 1349 operatur
1189 1308 1222 1338 in
1254 1308 1463 1339 sacramentis
1495 1313 1526 1338 et
1557 1319 1630 1338 cum
1662 1308 1871 1338 sacramentis
1902 1319 1984 1338 unus
2021 1313 2116 1349 atque

477 1363 560 1393 idem
588 1363 724 1404 Spiritus
758 1363 844 1393 circa
875 1362 961 1403 ipsas
994 1367 1167 1397 creaturas,
1193 1372 1255 1403 que
1281 1361 1532 1395 sanctificantur,
1564 1366 1787 1403 permutantur
1811 1366 1842 1391 et
1867 1361 2031 1391 salvantur
2061 1372 2118 1403 per

475 1416 638 1447 dominum
665 1421 808 1446 nostrum
832 1415 940 1446 Iesum
958 1414 1131 1449 Christum,
1157 1414 1209 1445 cui
1233 1420 1385 1456 tanquam
1403 1415 1460 1445 viti
1486 1414 1632 1456 palmites
1657 1414 1814 1445 adherent
1838 1414 1987 1445 catholici
2012 1425 2117 1445 sacra-

475 1476 653 1500 mentorum
672 1468 904 1507 celebratores,
931 1467 1085 1509 quamdiu
1110 1468 1194 1498 enim
1219 1478 1276 1509 per
1292 1468 1446 1498 unitatem
1470 1467 1545 1498 fidei
1569 1468 1723 1509 magistro
1749 1467 1947 1498 concordant
1964 1467 2117 1507 veritatis,

475 1523 605 1553 unitatis
630 1521 794 1552 vinculum
826 1526 1002 1560 servantes,
1035 1520 1068 1551 id
1092 1521 1197 1562 ipsum
1229 1520 1397 1552 sentiendo
1429 1532 1538 1551 omnes
1570 1521 1602 1551 in
1628 1520 1755 1551 Christo
1780 1525 1920 1556 manent,
1946 1525 1977 1551 et
2001 1520 2118 1562 singuli

476 1576 514 1606 de
540 1576 652 1617 spiritu
686 1575 753 1605 eius
778 1575 935 1613 viventes,
967 1575 1091 1605 interne
1117 1574 1288 1605 viriditatis
1320 1574 1456 1615 gratiam
1486 1573 1605 1604 habent
1634 1574 1778 1615 vivitque
1810 1574 1843 1604 in
1867 1573 2002 1604 salutem
2034 1585 2118 1605 com-

478 1629 708 1659 municantium
738 1627 810 1663 illis,
843 1627 1057 1669 quodcunque
1091 1627 1255 1658 celebrant
1286 1633 1522 1658 sacramentum
1561 1628 1593 1657 in
1625 1626 1771 1670 ecclesia}
1794 1626 1924 1658 Christi.
1972 1626 2118 1658 Christus

476 1692 614 1723 namque
640 1682 670 1711 in
696 1682 742 1711 eis
766 1681 914 1722 loquitur,
941 1686 972 1711 et
997 1681 1152 1723 quicquid
1176 1680 1216 1711 ab
1242 1681 1288 1711 eis
1312 1680 1356 1718 fit,
1382 1680 1422 1711 ab
1449 1692 1485 1711 eo
1511 1680 1630 1711 factum
1656 1686 1687 1711 et
1712 1680 1834 1722 Spiritu
1859 1681 1927 1711 eius
1952 1680 2118 1711 confirma-

475 1742 540 1765 tum
562 1738 645 1765 *esse
663 1740 750 1765 recte
776 1734 932 1773 creditur,
960 1735 1085 1765 etiamsi
1096 1740 1105 1751 ⁰
1133 1735 1164 1764 in
1183 1733 1324 1765 moribus
1343 1734 1407 1764 suis
1424 1733 1695 1776 reprehensibiles
1713 1734 1927 1772 inveniantur,
1946 1733 2117 1764 dummodo

477 1789 506 1818 in
539 1788 670 1818 unitatis
703 1799 859 1829 compage
890 1793 1042 1818 maneant
1073 1793 1103 1818 et
1134 1788 1190 1818 uni
1220 1788 1278 1818 viti
1310 1799 1371 1829 que
1402 1786 1548 1818 Christus
1580 1792 1628 1817 est
1659 1787 1836 1817 inhereant.
1884 1786 1927 1817 At
1955 1797 2033 1817 vero
2065 1785 2119 1817 ubi

477 1841 703 1872 dissentientes
728 1852 863 1882 seseque
888 1852 946 1882 per
969 1841 1098 1871 hereses
1124 1846 1155 1871 et
1179 1841 1330 1871 scismata
1353 1840 1393 1871 ab
1419 1841 1539 1871 unitate
1572 1840 1707 1871 ecclesie
1737 1839 1919 1870 dividentes
1950 1851 1969 1870 a
1993 1839 2118 1871 Christo

478 1894 659 1936 precidunt,
697 1900 857 1924 mortuum
888 1899 937 1924 est
968 1905 1077 1924 eorum
1087 1894 1100 1912 ⁴¹
1132 1905 1224 1925 omne
1256 1893 1392 1924 verbum
1424 1900 1455 1924 et
1486 1899 1739 1932 sacramentum,
1776 1900 1807 1923 ct
1839 1893 1993 1935 quicquid
2024 1904 2118 1935 agere

477 1947 634 1981 videntur,
661 1948 801 1984 irritum,
831 1947 984 1989 quicquid
1010 1947 1212 1978 sanctificare
1238 1952 1399 1989 putantur,
1424 1947 1579 1989 pollutum
1605 1952 1662 1977 est.

583 2000 665 2030 Eant
684 2001 780 2041 igitur
797 2006 827 2030 ct
844 2000 981 2031 fructum
999 2000 1082 2031 ferre
1096 2001 1244 2042 gestiant,
1259 2000 1416 2042 plantaria
1434 2001 1544 2030 mortis
1563 2005 1593 2031 et
1611 2000 1729 2030 surculi
1747 2000 1865 2030 eternis
1879 1999 2008 2041 ignibus
2022 1999 2118 2041 depu-

476 2054 540 2088 tati,
568 2054 745 2094 symoniaci
764 2053 976 2083 ccmductorcs
1001 2060 1032 2083 ct
1050 2053 1243 2084 conducticii
1262 2054 1425 2095 ceterique
1444 2054 1676 2095 negociatoreS,
1701 2053 1828 2095 flagello
1847 2053 2007 2084 dominico
2025 2052 2118 2084 eiecti

477 2107 514 2136 sh—
529 2106 622 2136 domo
640 2106 730 2140 Dein
749 2114 778 2136 ct
793 2117 902 2136 omnes
917 2106 1048 2137 hers-tici
1068 2112 1098 2137 et
1115 2107 1289 2137 scismatici
1307 2106 1347 2137 ab
1365 2107 1487 2137 unitate
1501 2107 1628 2148 precisi,
1644 2112 1674 2137 et
1691 2106 1763 2137 ideo
1777 2107 1905 2148 penitus
1919 2105 2116 2136 infructuosi.
2149 2116 2157 2121 ·

478 2159 557 2189 Nam
578 2159 730 2200 quicquid
756 2159 841 2200 apud
867 2171 921 2189 cos
946 2160 1060 2200 agitur,
1087 2159 1301 2201 quodcunque
1327 2161 1418 2202 quasi
1444 2172 1570 2190 sacrum
1591 2160 1641 2191 vel
1668 2165 1902 2190 sacramentum
1927 2158 2116 2197 celebratur,

477 2220 538 2242 tam
557 2224 631 2242 vcrc
650 2212 749 2242 verbu
775 2213 838 2242 vito
864 2218 895 2243 ct
919 2213 1031 2254 spiritu
1056 2213 1201 2243 veritatis
1223 2218 1320 2249 caret,
1347 2225 1442 2254 quam
1467 2224 1543 2243 vere
1568 2213 1706 2254 palmes,
1732 2213 1793 2243 nisi
1818 2213 1971 2243 manserit
1994 2212 2025 2242 in
2042 2212 2116 2249 vite,

478 2266 612 2295 fructum
634 2265 717 2295 ferre
743 2277 803 2295 non
830 2271 943 2306 potest,
970 2277 1064 2307 quam
1089 2277 1165 2296 vere
1190 2278 1302 2296 manus
1325 2265 1451 2297 abscisa
1477 2278 1495 2297 a
1520 2278 1653 2308 corpore
1679 2267 1788 2297 vivere
1813 2265 1864 2296 vel
1890 2266 2016 2307 operari
2042 2267 2117 2295 ‘non

479 2325 590 2358 potest.
628 2318 730 2359 Igitur
755 2330 826 2348 cum
851 2319 882 2348 in
908 2318 1054 2349 omnibus
1072 2319 1170 2359 gestis
1195 2330 1232 2349 ac
1251 2319 1354 2350 dictis.
1380 2320 1411 2349 in
1430 2319 1546 2361 quibus
1564 2320 1780 2350 testimonium
1798 2318 1916 2350 Christi
1935 2318 2115 2360 recipimus,

479 2371 536 2400 ho(—
555 2378 701 2412 oporteat
718 2371 822 2401 notari
840 2377 869 2401 et
888 2372 1018 2412 signari,
1042 2372 1114 2413 quia
1130 2372 1220 2402 Deus
1237 2383 1339 2403 verax
1357 2379 1418 2403 est:
1437 2372 1496 2403 ho(-
1515 2373 1582 2403 eius
1600 2373 1816 2403 testimonium
1834 2378 1986 2413 tanquam
2004 2382 2022 2401 a
2035 2371 2115 2410 Deo,

479 2433 629 2465 tanquam
655 2436 673 2453 a
692 2424 897 2454 veracissimo
916 2430 995 2455 teste
1014 2424 1170 2465 prolatum
1190 2425 1360 2466 diligenter
1385 2432 1431 2456 est
1457 2425 1632 2456 notandum
1658 2431 1689 2456 et
1713 2424 1890 2456 inviolabili
1915 2425 1989 2456 fidei
2014 2424 2116 2465 signa-

478 2477 547 2507 t-nlu
574 2477 776 2515 signandum,
803 2477 856 2507 ubi
883 2477 943 2507 ait:
976 2478 1097 2507 Allamzte
1125 2480 1153 2508 “n
1181 2492 1235 2517 me,
1261 2486 1287 2509 ct
1310 2492 1361 2521 esso
1389 2481 1418 2510 2'11
1447 2480 1548 2511 cabis.-
1579 2478 1784 2520 addiditque:
1814 2480 1894 2509 sicut
1910 2479 2035 2520 palmes
2057 2489 2115 2508 'non

476 2538 573 2571 statvs!
590 2532 683 2572 fes-ra
701 2532 844 2571 frustrum
871 2544 888 2559 ll
913 2533 1084 2572 senzem'psa,
1114 2533 1179 2561 Jss'se'
1202 2534 1349 2563 'manserit
1381 2533 1410 2562 ln
1437 2534 1506 2565 rite.
1537 2534 1583 2563 sit·
1606 2544 1660 2563 nec
1687 2544 1746 2565 ros,
1779 2533 1844 2562 nisi
1874 2533 1905 2561 in
1930 2543 1976 2562 me
2001 2541 2115 2561 manse-

479 2584 556 2613 ritis.
598 2583 666 2613 Hoc
689 2583 812 2613 veracis
834 2583 891 2616 1›‹,-i
919 2584 1071 2624 testisque
1096 2583 1272 2614 fidelis-sinii
1298 2596 1408 2615 verum
1435 2585 1652 2616 testimonium
1676 2596 1739 2615 non
1765 2584 1866 2615 solum
1891 2590 2003 2615 contra
2026 2583 2114 2614 here-

479 2636 557 2665 ticos
584 2642 679 2677 atquc·
706 2637 914 2667 scismaticos,
941 2636 996 2666 sed
1016 2637 1110 2666 ctiam
1130 2644 1240 2667 contra
1257 2637 1417 2678 quoslihet
1438 2644 1699 2680 presumptuosos
1724 2644 1772 2668 est
1796 2642 1888 2668 caute
1914 2635 2113 2678 signandum,

479 2696 506 2718 vt
535 2689 665 2718 nwnwri
700 2700 826 2729 sempor
858 2689 886 2718 in
919 2695 1047 2730 pectore
1079 2690 1279 2727 gestandum.
1328 2690 1408 2729 Quis
1433 2692 1517 2721 enim
1543 2692 1616 2721 vitis
1641 2696 1672 2721 et
1698 2690 1876 2732 palmitum'
1896 2691 1963 2720 eius
1994 2688 2115 2720 nesciat

480 2742 658 2771 unitatmn?
692 2742 854 2779 Quamdiu
881 2742 1028 2782 palmites
1055 2743 1084 2772 in
1111 2743 1174 2772 vite
1200 2750 1338 2774 manent.
1372 2743 1493 2774 tamdiu
1518 2744 1745 2774 ascendentem
1777 2755 1834 2785 per
1858 2754 1957 2773 venas
1988 2742 2113 2773 intimas

586 2840 609 2855 :¹¹
633 2832 741 2863 arquitur
761 2833 825 2855 lorus
845 2841 914 2855 rasus
939 2834 957 2855 1.
1032 2833 1057 2856 hu
1082 2838 1106 2856 ct
1128 2836 1150 2856 Ξῖ.
1225 2842 1249 2855 (ἰ
1273 2835 1376 2856 etiamsi
1396 2848 1425 2849 j
1441 2835 1580 2858 inhereant
1601 2835 1625 2858 1'11
1642 2843 1718 2865 mmyl.
1736 2836 1756 2858 l.
1830 2834 1857 2861 d)
1880 2842 1957 2858 omne
1978 2841 2031 2857 eor.
2052 2833 2075 2856 2.
2089 2832 2112 2855 3.

480 2883 504 2902 ι’)
527 2877 626 2899 domini
649 2878 671 2900 2.
693 2880 715 2899 Ii.

2135 789 2160 808 10
