2233 3252
499 200 561 229 1590
672 204 721 228 DE
748 202 977 229 SEPVLTURA
1003 202 1141 230 EORUM
1167 203 1233 234 QUI
1259 203 1383 229 FALSO
1409 202 1741 229 EXCOMMUNICATI
1766 202 1979 230 DICUNTUR.

498 296 660 326 mneritas
686 307 795 326 corum
821 296 875 337 qui
900 296 1016 326 nostris
1041 295 1239 338 temporibus
1265 296 1304 327 de
1330 308 1387 327 sua
1410 307 1474 326 non
1492 296 1603 326 divina
1627 295 1816 326 auctoritate
1841 301 2062 338 presumentes
2088 296 2141 327 eli-

499 349 610 378 minari
637 348 759 378 faciunt
784 348 823 378 de
849 348 1027 390 sepulchris
1052 350 1117 380 suis
1134 349 1303 391 plerosque
1322 350 1491 391 episcopos
1508 349 1560 379 vel
1585 348 1719 379 abbates
1744 348 1865 380 iamdiu
1889 354 2030 380 mortuos
2055 354 2086 380 et
2109 350 2142 380 in

499 401 643 439 «aeclesiis
669 401 784 442 quibus
816 401 1006 443 prefuerunt
1029 402 1181 443 sepultos,
1207 408 1376 433 censentes
1402 414 1456 433 eos
1482 402 1777 433 excommunicatos
1802 401 1911 441 fuisse,
1937 414 2009 433 cum
2034 408 2141 434 tamen

498 454 644 484 omnibus
677 454 1002 495 (-oinprovincialibus
1035 466 1143 486 eorum
1177 456 1377 498 coepiscopis
1403 461 1433 486 ct
1459 456 1573 494 ceteris
1606 455 1795 494 constiterit,
1821 455 1906 497 quod
1931 455 2006 486 dum
2037 455 2142 487 adhue

498 508 657 538 vixerunt.
683 507 768 537 nulla
794 508 952 538 canonica
976 509 1181 539 accusatione
1206 509 1323 550 pulsati
1348 508 1399 539 vel
1424 508 1542 539 deiecti
1566 508 1694 538 fuerint.
2160 520 2173 539 5

603 561 816 591 inveniuntur
833 561 963 602 quidem
981 561 1130 603 exempla
1147 562 1280 602 vesanie
1298 573 1418 594 eorum.
1445 561 1501 591 sed
1526 561 1585 601 hec
1606 560 1765 603 exempla,
1791 561 1873 592 sicut
1897 572 1916 592 a
1940 562 2141 603 precedenti-

498 614 556 644 bus
582 613 726 655 patribus
752 613 918 644 catholicis
936 615 1012 644 viris
1030 615 1236 645 interminata
1253 620 1283 645 et
1300 614 1461 656 prohibita
1480 620 1553 644 sunt
1576 625 1616 644 ne
1641 613 1765 653 fierent,
1791 614 1837 645 sic
1860 619 2031 656 postquam
2056 615 2143 646 facta

498 673 569 697 sunt
595 678 611 697 a
638 666 908 708 subsequentibus
940 667 1086 708 patribus
1119 673 1245 698 cassata
1270 674 1352 699 sunt.
1400 668 1528 698 Etenim
1555 667 1706 698 stefanus
1730 678 1816 709 papa
1828 670 1848 706 1,
1879 668 1997 698 tercius
2023 679 2041 699 a
2066 668 2142 699 For-

499 731 596 754 tnoso,
622 720 765 750 eiusdem
791 720 938 751 Formosi
962 732 1046 762 pape
1071 721 1212 752 cadaver
1237 721 1276 752 de
1301 721 1422 751 tumulo
1455 720 1581 751 extrahi
1613 726 1644 751 et
1674 721 1707 751 in
1739 720 1910 752 concilium
1940 721 2024 752 trahi
2055 721 2142 761 fecit,

498 773 606 814 ibique
632 784 704 804 eum
729 774 821 815 quasi
852 774 1040 804 sinodaliter
1071 774 1246 814 damnavit,
1279 775 1427 815 ferroque
1458 773 1583 805 dnobus
1612 773 1727 813 dextre
1756 773 1865 815 digitis
1897 775 2079 816 amputatis,
2110 775 2144 805 in
2162 787 2187 806 10

498 826 637 868 quodam
670 827 913 868 peregrinorum
944 827 1065 858 tumulo
1098 827 1227 869 sepeliri
1258 828 1359 867 iussit,
1391 838 1451 858 nec
1482 826 1582 857 multo
1613 832 1686 869 post
1715 827 1749 857 in
1773 826 1917 858 Tiberim
1945 828 2142 869 precipitari.

499 882 619 910 (hnnes
644 891 772 921 quoque
797 879 838 910 ab
864 891 900 910 eo
927 880 1090 911 ordinatos
1115 880 1155 911 ab
1182 880 1347 911 ordinibus
1373 881 1438 911 suis
1464 880 1548 911 deici
1573 881 1692 911 statuit.
1730 880 1797 912 Sed
1819 891 1905 922 papa
1921 880 2111 912 Theodorus
2122 883 2142 921 2,

498 944 666 963 successor
697 932 836 968 Stefani,
869 933 1077 964 considerans
1108 934 1258 975 nequiter
1288 939 1395 964 actum
1427 945 1497 964 esse
1529 945 1601 964 cum
1630 933 1657 964 F
1660 944 1796 973 ormoso,
1829 945 1944 976 corpus
1972 934 2041 964 eius
2071 946 2143 965 eum

499 986 695 1016 ‹·xultatione
727 986 769 1016 ad
793 986 1003 1028 apostolicam
1031 986 1175 1017 tumbam
1201 986 1431 1017 venerabiliter
1459 986 1589 1017 reduxit
1614 991 1645 1017 et
1668 986 1831 1017 ordinatos
1863 986 1903 1017 ab
1929 998 1977 1027 eo,
2010 986 2067 1018 sed
2097 988 2143 1018 in—

499 1040 579 1069 iuste
605 1039 777 1081 depositos,
810 1039 977 1070 ordinibus
1009 1041 1073 1070 suis
1101 1041 1248 1071 restituit.
1297 1040 1330 1071 Si
1356 1051 1451 1082 quem
1476 1051 1552 1081 ergo
1578 1040 1637 1071 hoe
1663 1039 1802 1071 delectat
1826 1039 1912 1082 quod
1937 1039 2087 1071 stefanus
2111 1041 2144 1071 in
2163 1052 2188 1071 15

501 1093 652 1123 Formoso
684 1093 770 1131 fecit,
803 1093 891 1124 illum
923 1098 1042 1124 terreat
1067 1099 1098 1124 et
1121 1099 1253 1124 revocet
1278 1093 1364 1135 quod
1394 1093 1638 1135 precedentium
1665 1098 1697 1124 et
1719 1092 1985 1136 subsequentium
2016 1099 2144 1135 patrum

497 1147 672 1177 auctoritas
698 1146 737 1176 de
763 1146 876 1177 eadem
901 1158 935 1177 re
961 1147 1109 1178 sancivit.

607 1249 635 1281 1)
660 1248 706 1277 VI,
732 1258 758 1275 α.
779 1248 857 1281 897;
890 1248 929 1282 (f.
955 1248 1046 1283 Jqffe]
1073 1248 1142 1285 Rey.
1161 1249 1184 1279 Ι,
1204 1258 1236 1285 2).
1257 1248 1328 1275 440.
1423 1247 1453 1284 2)
1477 1248 1516 1283 II,
1543 1249 1583 1283 cf⁴
1609 1248 1673 1276 ibid.
1693 1258 1726 1285 p.
1745 1248 1818 1276 441.
