2233 3252
515 188 696 219 MONAcffl
721 189 862 217 EXULIS
887 190 915 217 S.
942 190 1155 218 LAURENTH
1181 192 1430 220 OPUSCULUM.
1735 191 1798 222 638

631 281 696 322 Qui
720 288 944 314 concrematus
970 282 1098 323 ignibus

577 334 668 367 Odor
691 336 860 366 suavitatis
885 342 934 366 est
943 341 966 375 ¹,

515 396 549 419 50
631 387 683 419 Ex
707 388 805 419 viva*
830 388 956 420 sactus*
983 388 1118 420 hostiad.

934 494 1010 526 xll.

576 545 664 578 Ecce
689 546 824 578 desertis
850 546 934 579 redit
956 559 975 578 a
999 547 1160 579 Florinis¹

574 598 632 631 Ille
657 611 830 642 precursor
854 600 985 632 Domini
1010 600 1181 640 Iohannes,

574 652 724 684 Afferens
748 654 882 685 scissam
907 654 1060 694 tunicam,
1085 654 1199 685 carneli

628 705 757 738 Vellere
782 712 915 738 textam.

530 767 545 790 5
575 759 647 790 Non
672 765 742 791 erat
765 771 912 802 sponsus,
937 759 995 791 sed
1019 760 1142 791 amicus
1167 760 1236 792 eius
1247 764 1267 800 ²,

574 811 616 844 Et
640 818 757 852 tamen,
782 824 934 855 sponsam
959 813 1036 856 quia
1058 812 1224 855 diligebat,

574 865 801 898 Fornicatores
825 871 858 897 et
881 865 1100 898 adulterantes

629 918 752 950 Oderat
775 930 896 951 omnes.

573 972 710 1014 Propter
733 971 804 1012 hoc,
829 973 878 1004 ira
901 971 1072 1015 subigente
1097 973 1190 1014 iusta,

513 1033 545 1056 10
574 1024 697 1065 ‘Sunt'‚
722 1026 777 1065 ait,
802 1026 900 1057 ‘iuste
924 1026 1059 1057 nimium
1083 1025 1224 1069 querele,

574 1077 664 1118 Quas
688 1079 756 1121 agit
779 1079 932 1110 coniunx.
978 1078 1104 1111 Pataris
1129 1078 1287 1122 malignos

627 1131 747 1163 Vivere
771 1131 928 1163 mechos‘?

574 1184 655 1224 Quis
680 1184 772 1224 ferat,
796 1184 883 1227 quod
907 1184 1076 1226 Leodium,
1101 1185 1228 1217 fidelis⁰

573 1236 698 1269 Civitas
723 1237 896 1280 quondam,
922 1238 1073 1281 Symonis
1097 1238 1202 1270 forum
1226 1239 1292 1271 sit‘?

512 1298 542 1322 15
572 1289 655 1322 Cum
679 1296 735 1322 tua
758 1302 878 1333 sponsa
900 1291 996 1323 modo
1020 1291 1168 1323 vendidit
1191 1303 1242 1324 me

624 1343 784 1375 Venditor
807 1343 860 1376 ille
871 1347 892 1376 ⁸.

572 1396 660 1436 Quid
683 1396 780 1428 modo
804 1408 924 1438 cessas,
948 1397 1045 1430 Petre
1057 1397 1078 1439 ἲ,
1104 1399 1159 1441 qui
1183 1398 1311 1431 solebas

570 1449 711 1481 Fortiter
735 1449 898 1492 quondam
921 1449 1030 1493 gladio
1054 1451 1160 1492 ferire,

570 1502 644 1534 Non
668 1502 775 1534 ferens
800 1513 923 1545 pennas
948 1503 1100 1546 Symonis
1123 1516 1280 1547 procaces

509 1563 543 1587 ¹20
623 1555 701 1587 Alta
725 1555 882 1588 subire?⁴

569 1608 662 1640 Mitte
687 1609 751 1640 iam
775 1609 868 1641 verbi
892 1609 1034 1642 iaculum
1057 1612 1216 1654 potentis:

570 1661 636 1693 Utg
660 1661 757 1693 cadat
780 1673 890 1694 rursus
914 1663 1080 1695 redivivus
1105 1663 1215 1705 hostis,

569 1715 708 1755 Quando
732 1715 832 1747 iudex
856 1721 920 1747 tam
945 1717 1107 1759 patienter
1129 1729 1241 1750 omnes

622 1769 734 1800 Portat
757 1769 932 1812 iniquosh’.

506 1830 539 1854 25
569 1821 622 1853 ‘In
646 1821 710 1853 Dei
734 1821 856 1862 verbo',
880 1822 996 1855 Petrus
1019 1824 1133 1867 inquit,
1159 1827 1312 1868 ‘unquam

569 1875 621 1906 Nil
645 1886 751 1917 agam,
775 1874 868 1906 verbi
893 1876 955 1907 nisi
983 1877 1024 1908 sit
1047 1877 1204 1909 voluntas.

569 1928 692 1970 Nempe
717 1929 743 1959 si
768 1928 875 1967 vellet,
900 1929 996 1961 modo
1020 1930 1237 1963 vindicassem

621 1981 674 2012 Me
699 1993 828 2024 quoque
852 1987 970 2014 tecum.

569 2034 620 2066 Tu
644 2034 736 2066 vides
759 2034 867 2066 illum¹
894 2034 1029 2067 ΒιὊῃίἰι
1052 2035 1220 2078 latronem,

506 2095 540 2119 30
569 2087 633 2126 Qui
657 2087 770 2119 domus
794 2087 903 2119 claves
928 2089 1004 2131 quia
1027 2100 1091 2120 non
1115 2089 1267 2132 habebat,

568 2140 710 2172 Presulis
734 2140 808 2183 palo
832 2140 895 2172 sibi
920 2141 1030 2173 clausa
1053 2142 1165 2174 subtus

621 2193 751 2225 Limina
774 2193 901 2226 fodit'5.

248 2312 275 2341 a)
296 2321 318 2336 r.
333 2313 374 2336 49.
393 2316 417 2336 et
436 2312 477 2336 50,
498 2312 524 2336 in
543 2311 627 2336 eadem
646 2312 720 2336 linea.
810 2311 839 2342 b)
855 2311 965 2344 sortasse
983 2313 1048 2337 vivo
1067 2313 1237 2339 coniciendum
1255 2320 1297 2339 est.
1389 2316 1415 2345 e)
1437 2316 1463 2340 in
1484 2317 1533 2341 locu
1553 2326 1616 2342 raso.
1708 2319 1736 2347 d)
1759 2320 1794 2343 rel

141 2355 207 2385 inde,
226 2356 291 2388 qnod
309 2355 374 2381 hanc
391 2355 517 2388 stropham
533 2360 607 2388 poeta
626 2356 795 2388 imperfecmm
813 2356 914 2389 reliquie
931 2365 1008 2389 neque
1026 2362 1144 2382 extremos
1159 2367 1274 2384 vers-uum
1288 2360 1409 2385 46—50.
1426 2360 1501 2392 pede-u
1519 2361 1620 2393 syllabis
1638 2363 1793 2387 consonanti-

141 2399 185 2424 δια
203 2401 240 2425 vel
256 2400 436 2429 manantibus,
456 2404 485 2424 ut
501 2409 579 2432 supra
597 2400 684 2424 solitus
702 2404 744 2429 est,
763 2400 900 2430 wniuwm't,
927 2401 971 2425 toci
995 2401 1053 2426 huic
1076 2403 1182 2427 oar-mini
1207 2408 1341 2428 extremam
1368 2414 1468 2429 manum
1496 2414 1544 2430 non
1566 2407 1690 2430 accessisse
1708 2407 1792 2431 elucet.

98 2453 125 2472 ω
142 2442 168 2474 e)
188 2453 211 2469 v.
227 2446 266 2469 13.
280 2449 303 2468 et
321 2446 362 2471 1⁷4.
382 2445 409 2468 in
421 2443 505 2468 eadem
524 2444 606 2473 linem,-
625 2445 661 2468 ita
680 2444 707 2469 in
725 2443 770 2469 hoc
787 2445 896 2469 camnine
913 2446 1012 2477 saepius
1030 2446 1160 2478 rhythmus
1178 2447 1298 2479 confusus
1315 2453 1357 2473 est.
1413 2450 1433 2478 s)
1453 2458 1469 2474 ο
1484 2450 1564 2474 Petro
1578 2459 1613 2481 c.;
1633 2451 1698 2482 quod
1712 2455 1791 2475 tamen

141 2497 195 2513 eum
220 2493 296 2513 metro
318 2493 426 2521 pufflmt.
515 2488 544 2520 g)
571 2493 597 2513 et
615 2497 635 2512 c.
733 2488 761 2518 h)
787 2496 874 2520 nquos
897 2489 951 2513 alia
974 2499 1063 2514 manus
1080 2499 1143 2515 corr.
1164 2492 1279 2523 iniquos.
1371 2494 1391 2523 i>
1418 2502 1493 2518 manu
1517 2495 1649 2519 recondere
1671 2503 1791 2527 superse-r.

142 2531 171 2563 k)
190 2537 328 2565 sequuntur
346 2541 398 2557 um
417 2533 499 2557 littera
517 2541 587 2556 erasa
607 2537 630 2556 et
649 2533 732 2557 lim-ra
751 2541 774 2557 e.

251 2638 279 2677 1)
297 2639 346 2675 Cf.
364 2640 460 2668 chron.
478 2650 500 2668 s.
520 2639 640 2668 Huberti
654 2640 797 2678 Amlaqin.
816 2650 838 2668 c.
850 2641 889 2668 '10
907 2638 992 2678 (82),·
1013 2641 1067 2670 SS.
1083 2642 1163 2676 VIII,
1183 2653 1215 2680 p.
1235 2643 1309 2671 602.
1346 2645 1489 2673 Iohannes
1504 2645 1638 2683 Baptista
1650 2651 1793 2683 patronas

142 2693 304 2721 movmsterii
327 2693 504 2721 Flam-mensus
521 2693 592 2728 fuit.
687 2689 717 2731 2)
743 2692 791 2728 Cf.
814 2693 874 2722 Iole.
898 2694 926 2728 3,
951 2694 1001 2722 29.
1095 2693 1124 2733 3)
1151 2696 1281 2724 FlorIuis
1306 2696 1434 2725 Other-tus
1458 2697 1641 2726 Gislebertum
1667 2698 1790 2727 abbatem

98 2752 125 2771 ιο
142 2745 337 2779 constituerat,-
361 2745 401 2781 es.
427 2745 523 2774 chron.
547 2756 570 2774 s.
590 2745 709 2774 Huberti
731 2747 750 2774 I.
771 2747 789 2774 l.
883 2744 912 2785 4)
931 2746 979 2782 Cf.
997 2748 1069 2776 Acta
1092 2759 1114 2776 s.
1133 2748 1212 2777 Petri
1229 2750 1301 2777 Lino
1320 2760 1420 2787 papae
1443 2751 1570 2788 ascripta
1594 2761 1617 2779 c.
1638 2751 1695 2784 10;
1719 2753 1790 2780 Acta

143 2796 309 2826 Sanctorum
326 2798 403 2826 Iunii
425 2803 443 2826 t.
464 2799 495 2833 V,
515 2809 548 2835 p.
567 2798 640 2826 427.
719 2796 749 2837 5)
766 2799 823 2827 Ηῐε
840 2798 968 2828 Οἰόενίιω
985 2799 1208 2830 Guiremuudum
1232 2803 1387 2831 intruserat
1394 2814 1403 2837 ,·
1427 2804 1524 2832 chron.
1543 2815 1567 2832 s.
1586 2804 1706 2832 Huberti
1720 2805 1737 2832 I.
1756 2806 1790 2833 l..-

143 2849 243 2879 Petrus
265 2851 429 2879 monasterii
450 2851 618 2880 Broniensis
635 2856 778 2889 patronus
794 2852 865 2888 suit.
