2233 3252
507 186 700 215 DEPENSIO
725 187 801 215 PRO
830 188 940 216 FlLlIS
967 190 1315 220 l’RESBYTERORUM.
1671 192 1730 222 581

461 281 575 313 Plures
599 282 646 314 sic
670 287 762 313 natos
786 282 818 314 in
843 282 926 314 celi·
951 283 1027 315 sede
1059 283 1190 322 locatos,

408 334 489 377 Legi
514 341 606 376 terga
629 334 724 366 dares
749 334 870 374 divine,
895 336 921 367 si
947 336 1122 368 dubitares.

346 395 379 420 25
410 387 479 419 Hos
502 399 588 419 nunc
612 388 749 419 infames
773 387 815 419 ob
841 395 966 431 patrum
991 390 1126 421 crimina
1150 390 1280 428 clames,

408 440 498 480 Quos
522 439 620 472 habet
643 440 717 472 aula
741 440 832 483 poli?
856 452 1043 484 presumere
1069 443 1144 474 talin
1169 443 1249 474 noli!

409 493 480 525 Non
504 499 553 525 est
576 493 702 525 illorum
727 494 827 536 turpis
852 495 1028 535 generatio,
1054 507 1188 537 qnorum

409 546 468 578 Est
491 546 582 578 Deus
607 547 676 589 ipse
702 553 803 589 pater,
829 548 955 590 peperit
978 559 1058 590 quos
1083 550 1187 587 gratia
1211 556 1324 581 muter.

408 599 478 632 Neb
503 611 596 632 cures
621 600 721 642 patris
745 599 822 631 mihi
847 600 999 632 delictum
1024 612 1129 644 neque
1155 603 1265 633 man-is

345 662 379 685 30
407 653 652 696 Improperuree
677 652 837 691 tllorum·¹‚
862 653 919 684 sed
944 654 1101 685 formam‘*
1127 655 1251 697 respice
1277 667 1410 693 morum,

408 706 450 738 Et
473 717 536 749 que
561 706 602 737 sit
623 706 690 738 vite
714 706 791 737 mihi
816 706 917 738 linea!
943 707 1041 738 tunc‘
1066 708 1134 738 sine
1160 707 1213 739 lite

407 759 523 791 Iudicii
548 758 684 791 verbum
708 758 854 791 tolerabo
878 760 946 791 tuiss
971 759 1023 791 vel
1047 759 1211 799 acerbum,

407 812 503 852 Quod
528 812 568 844 de
593 812 751 844 factorum
775 812 951 855 procedet¹¹
976 812 1048 844 labe
1073 825 1227 845 meorum.

407 865 502 898 Nunc
526 865 671 898 homines
695 866 760 897 vite
785 866 898 908 turpis,
923 866 1038 906 mechi,
1064 866 1231 906 sodomitc,

344 927 378 951 35
406 919 450 951 Et
473 919 528 962 qui
552 918 638 950 furta
661 924 800 962 patrant,
826 919 858 950 in
882 930 940 950 nos
964 918 1138 962 obprobria
1162 919 1280 952 latrant

406 971 487 1004 Vel*
514 971 598 1003 bene
622 978 772 1012 moratos,
797 978 830 1004 et
853 971 1036 1015 despiciunt
1060 973 1143 1004 male
1168 980 1277 1005 natos:

404 1025 476 1057 Lex
501 1025 617 1068 premit
639 1026 701 1057 ista
725 1025 827 1057 bonos
851 1031 883 1057 et
906 1025 1077 1057 sublevat*
1101 1025 1143 1057 ad
1167 1026 1252 1058 mala
1276 1038 1404 1069 pronos.

406 1077 474 1110 Cur
496 1078 591 1110 homo
615 1078 791 1110 dedecorat
814 1090 910 1121 quem
935 1090 993 1110 rex
1017 1080 1204 1121 supremus¹
1234 1080 1394 1112 honorat?

405 1131 472 1164 Cur
495 1131 700 1175 reprobando
724 1132 841 1175 premit
865 1143 961 1174 quem
986 1131 1133 1164 Christus
1157 1139 1259 1164 morte
1284 1133 1431 1174 redemit,

343 1194 378 1218 40
404 1185 512 1228 Atque
537 1185 759 1217 coheredem¹¹¹
783 1185 906 1228 patris1·
930 1186 1097 1217 revocavit
1120 1185 1162 1217 ad
1187 1186 1304 1218 edem?

405 1238 470 1278 Qui
494 1237 580 1270 bona
603 1238 692 1270 nulla
715 1244 841 1281 gerunt,
866 1238 965 1270 adimi
990 1238 1159 1281 nunquid⁰
1183 1246 1370 1272 meruerunt

404 1291 565 1334 Perpetue
589 1292 694 1332 morti,
719 1292 796 1334 quia
819 1297 914 1323 suntv
939 1291 1086 1334 legaliter
1111 1292 1194 1324 orti‘?

403 1344 492 1387 Ergo
516 1356 652 1377 censure
675 1344 750 1377 talis
774 1356 838 1387 quo
861 1345 974 1387 regula
997 1346 1066 1376 iure

405 1398 498 1430 Sorte
523 1409 582 1430 sua
605 1399 713 1441 privat
736 1398 820 1430 male
844 1404 965 1438 natum,
991 1399 1017 1430 si
1041 1398 1124 1430 bene
1148 1399 1263 1431 vivat?

342 1459 376 1483 45
406 1451 502 1492 Quod
526 1451 554 1482 si
577 1451 735 1494 perduras
758 1462 819 1483 nec
843 1451 892 1483 ius
917 1451 1084 1484 attendere
1109 1463 1214 1492 curas,

405 1504 471 1545 Qui
494 1516 581 1537 nova
603 1505 675 1536 iura
698 1516 794 1548 paras
819 1511 851 1536 et
873 1505 962 1548 leges
986 1506 1079 1547 ponis
1103 1517 1240 1546 amaras,

404 1558 447 1590 Et
470 1559 539 1590 sic⁴¹
562 1569 621 1590 nos
645 1557 784 1598 mordeS,
809 1559 898 1601 prius
922 1558 993 1590 illas
1018 1558 1169 1590 destruer
1194 1558 1316 1599 sordes,

405 1611 497 1652 Que⁸
522 1612 654 1654 gravius
678 1611 790 1643 ledunt
813 1617 845 1643 et
868 1611 939 1654 plus
963 1623 983 1643 a
1006 1611 1076 1654 lege
1101 1611 1274 1644 recedunt!

405 1665 494 1705 Quid
517 1676 602 1708 pena
625 1665 708 1696 vitas
732 1676 849 1707 urgere
873 1665 965 1707 gravi
990 1665 1189 1696 sodomitas?

342 1727 376 1750 50
404 1718 477 1750 Hec
500 1719 627 1761 species
650 1717 765 1758 morbi,
790 1729 855 1761 qua
878 1729 963 1750 mors
987 1719 1097 1761 gravis
1120 1719 1267 1750 imminet
1290 1718 1370 1759 orbi,

405 1771 460 1804 Si·
486 1771 570 1803 bene
594 1783 646 1803 res
670 1772 779 1812 isset¹¹‚
804 1772 893 1814 prius
918 1771 1151 1814 exstirpandav
1175 1772 1298 1804 fuisset.

406 1825 511 1865 Quem
535 1824 640 1857 scelus
665 1824 813 1865 obdurat,
839 1825 894 1867 qui
918 1825 962 1856 nil
987 1825 1223 1857 anathemataw
1247 1832 1349 1866 curat,

407 1878 494 1918 Qui¹
518 1879 586 1910 sine
595 1883 610 1903 >⁹
634 1889 772 1910 censura
796 1878 882 1910 clero
906 1878 988 1910 tollit
1011 1890 1069 1910 sua
1093 1879 1173 1918 iura,

405 1932 511 1974 Tangi
535 1931 679 1971 deberet,
703 1932 729 1963 si
755 1931 832 1974 quid
855 1943 949 1963 sacer
972 1931 1050 1963 ordo
1074 1931 1206 1964 valeret.

343 1993 376 2017 55
405 1985 534 2025 Quamz
557 1984 669 2016 mundi
693 1990 829 2027 partem,
854 1984 995 2017 Simonis
1020 1991 1104 2028 que¹³¹
1128 1986 1254 2017 nesciat
1276 1991 1389 2025 artem,

404 2038 507 2070 Fama
529 2037 589 2070 tibi
612 2038 735 2070 tradit?
771 2037 844 2078 Quo
867 2049 919 2070 res
943 2038 1025 2070 hecb
1050 2038 1161 2070 ordine
1185 2038 1300 2070 vadit?

405 2091 457 2123 De
481 2092 621 2123 minimis
644 2097 775 2131 tractas,
799 2097 873 2134 post
896 2097 1022 2133 tergum
1046 2093 1190 2123 maxima
1212 2092 1325 2123 iactas.

405 2145 440 2177 Si
463 2145 513 2176 vis
536 2145 618 2176 ritec
643 2145 734 2187 sequi
758 2151 874 2176 natura
897 2144 984 2187 quod
1008 2145 1154 2187 expetitd
1178 2145 1263 2187 equi,

405 2197 540 2240 Coi-rige
563 2198 703 2229 maiores
727 2197 839 2240 culpas
864 2198 963 2240 prius,
988 2197 1063 2229 inde
1088 2198 1239 2237 minores,

342 2258 376 2283 60
402 2250 505 2294 quue
529 2256 657 2282 teneto‘³
681 2257 796 2291 ratum,
820 2251 930 2294 quod‘
953 2257 984 2283 te
1009 2262 1082 2282 reor
1105 2251 1362 2283 immoderatum.

404 2304 634 2347 Decretoqueg
657 2310 764 2336 tamen
789 2304 847 2335 das
871 2304 933 2336 tale
958 2310 1012 2336 tuo
1036 2304 1260 2336 moderamen:

405 2357 450 2389 ‘Si
475 2358 546 2400 quis
571 2368 605 2389 se
628 2357 715 2389 velet
737 2357 942 2389 monachalih
966 2358 1118 2399 tegmine,
1144 2357 1229 2389 delet

406 2409 601 2453 Obprobrii¹
627 2410 724 2442 talis¹
746 2410 890 2442 maculas
914 2410 1043 2442 habitus
1067 2410 1315 2442 monachalis1'.

405 2463 532 2504 Quidm,
556 2463 731 2495 vehemens
754 2464 864 2506 pestis,
889 2463 1010 2495 faciet¹¹
1034 2465 1166 2495 mutatio
1191 2465 1300 2503 vestis,

192 2552 220 2585 a)
241 2553 289 2580 teli
309 2554 343 2579 D.
434 2554 462 2584 b)
484 2555 541 2579 Nec
563 2555 590 2579 (¹.
681 2555 706 2581 c)
729 2555 870 2587 Inproper.
892 2554 922 2579 L.
1013 2554 1041 2582 d)
1063 2558 1150 2579 torum
1172 2555 1198 2579 Γ.
1283 2554 1308 2585 e)
1331 2555 1429 2579 formas
1452 2555 1483 2578 Ι).
1572 2555 1592 2579 f)
1614 2562 1674 2577 cum
1697 2554 1728 2577 lt.

51 2589 54 2595 Ι
87 2595 117 2630 g)
135 2601 210 2624 tuum
230 2598 268 2629 L;
296 2598 397 2624 malum
419 2598 451 2623 D.
534 2597 562 2628 h)
583 2599 715 2631 procedat
734 2599 771 2629 L;
800 2599 926 2631 procedit
941 2599 967 2624 G.
1049 2598 1069 2628 i)
1091 2599 1144 2623 Sed
1164 2599 1196 2623 L.
1212 2599 1244 2623 D.
1327 2599 1355 2623 k)
1377 2598 1493 2623 sullevat
1514 2598 1543 2623 1..
1627 2597 1645 2622 Ι)
1668 2606 1727 2629 sup-

42 2647 56 2667 '.
70 2649 194 2680 ¹premas
208 2643 241 2673 03
260 2651 378 2668 summus
398 2643 433 2668 D.
515 2643 551 2672 m)
572 2651 670 2676 parens
689 2643 781 2668 sedem
797 2652 846 2675 pro
865 2644 955 2668 cohcr.
973 2643 999 2668 Γ.
1082 2643 1110 2673 ιι)
1133 2644 1221 2676 patrio
1242 2643 1263 2667 L
1308 2644 1394 2675 patrie
1415 2643 1441 2666 Γ.
1455 2645 1480 2667 17'.
1496 2643 1529 2667 Ι).
1612 2648 1638 2666 ο)
1662 2650 1727 2666 ιιιιη-

88 2685 153 2718 quid
179 2686 205 2711 in
227 2695 278 2712 ms.
299 2688 326 2713 C.
427 2687 455 2720 p)
483 2689 536 2712 sint
557 2687 586 2712 L.
684 2686 712 2719 q)
741 2695 790 2712 nos
809 2688 848 2712 sic
870 2688 897 2712 C.
998 2686 1020 2713 r)
1049 2688 1155 2719 corrige
1182 2687 1213 2712 L.
1235 2687 1273 2715 l¹;
1302 2688 1406 2719 respice
1428 2687 1453 2710 Γ.
1550 2686 1573 2713 s)
1596 2686 1674 2716 Quod
1697 2686 1728 2709 lt.

87 2727 110 2760 t)
130 2738 152 2756 ν.
166 2731 283 2756 51—53.
301 2740 349 2756 om.
365 2731 392 2756 Γ.
463 2731 492 2762 ιι)
515 2733 583 2756 bene
597 2732 709 2756 vixisset
725 2732 751 2756 U.
818 2731 846 2761 v)
869 2732 1029 2764 extirpanda
1048 2732 1080 2756 L.
1097 2732 1128 2756 1).
1202 2734 1236 2761 w)
1259 2731 1429 2756 anathemato
1450 2731 1479 2755 L.
1497 2731 1528 2755 l).
1602 2739 1628 2754 xr
1652 2739 1671 2753 ν.
1686 2731 1727 2753 53.

87 2781 134 2799 οη.
152 2773 184 2799 L.
263 2774 293 2808 y)
313 2776 401 2800 sancti
423 2776 455 2800 D.
537 2775 562 2805 z)
585 2776 664 2806 Quod
684 2776 718 2800 I).
799 2775 826 2805 a)
848 2784 928 2809 quam
951 2776 983 2805 1·;
1011 2777 1034 2800 si
1055 2776 1088 2800 J).
1162 2775 1189 2801 b)
1212 2775 1262 2800 hoc
1283 2775 1314 2799 J„
1387 2775 1412 2799 ς’)
1435 2779 1508 2799 recta
1531 2775 1562 2798 1).
1635 2775 1662 2798 d»
1685 2782 1727 2797 vx-

55 2847 57 2849 ,
86 2817 164 2851 pedit
181 2818 209 2844 V.
272 2818 299 2849 e)
319 2820 419 2845 tenebo
437 2820 470 2850 1⁷3
490 2824 582 2845 teneto
598 2833 630 2837 —
644 2820 752 2844 immod.
771 2829 818 2844 om.
834 2820 867 2845 D.
930 2820 951 2846 f)
973 2821 1036 2852 qnia
1058 2820 1087 2844 L.
1155 2826 1182 2851 g·
1205 2828 1258 2851 quc·
1276 2828 1323 2843 orn.
1344 2819 1369 2843 Γ.
1433 2819 1461 2844 h')
1485 2818 1627 2843 monachili
1651 2818 1679 2841 Ι,.
1695 2817 1726 2841 Ι).

87 2860 110 2893 i)
129 2861 212 2896 Oppr.
228 2863 255 2888 1⁷.
328 2863 357 2894 k)
379 2864 449 2889 tales
469 2864 503 2889 D.
577 2863 596 2893 Ι)
619 2863 788 2889 monoehntis
808 2864 846 2895 l,;
873 2865 1033 2889 monachilis
1056 2865 1087 2889 Ῑ).
1162 2870 1197 2889 m)
1221 2864 1307 2894 Quam
1330 2863 1358 2887 Ι..
1380 2863 1412 2887 Ι).
1486 2868 1513 2886 nu
1536 2863 1600 2886 facit
1625 2862 1655 2885 ΙΙ.
