2233 3252
492 188 547 216 192
776 188 954 214 GERHOHI
978 187 1208 215 PRAEI‘OSITI
1233 184 1637 213 REICHERSBERGENSIS
1663 184 1825 210 LIBELLI.

484 284 563 313 sicut
591 283 620 312 in
646 293 682 312 ea
709 282 916 312 constitutum
942 287 999 317 est,
1026 282 1246 322 cuiuscunque
1272 279 1393 311 ordinis
1419 278 1538 315 clerici,
1564 278 1618 319 qui
1644 277 1861 307 coniventiam
1890 277 1923 307 in
1947 277 2126 308 aecclesiae

482 336 621 377 dampna
647 335 792 371 miscent,
819 334 930 365 ordine
956 340 1053 376 atque
1079 334 1302 364 communione
1322 331 1542 374 privarentur!
1581 330 1713 361 Utinam
1730 329 1786 369 illi,
1812 329 1929 371 quibus
1947 329 2126 361 aecclesiae

481 388 621 430 dampna
646 388 826 429 displicent,
853 387 986 418 clericos
1004 387 1182 418 aecclesiae
1200 398 1276 417 suae
1295 385 1473 416 nuditatem
1492 384 1707 425 deplorantes,
1733 382 1772 413 de
1799 382 1915 424 quibus
1940 382 1985 413 ibi
2009 383 2127 414 lectum

481 449 538 473 cst.
564 441 780 471 imitarentur!
818 440 913 471 Certe
939 441 964 470 si
990 440 1049 471 1100
1066 440 1188 478 fierent,
1215 438 1370 481 quicquid
1389 444 1498 468 contra
1516 438 1609 467 istam
1628 441 1772 466 sanctam
1791 436 2051 467 constitutionem
2069 437 2126 466 im-

2145 501 2156 520 e!

481 494 580 536 probe
597 500 722 536 gestum
741 495 922 536 iniusteque
940 499 1161 535 presumptum
1180 498 1236 525 est„
1262 497 1317 523 aut
1340 491 1447 525 finem,
1466 490 1537 520 >Deo
1555 489 1782 531 triumphante,
1808 489 1972 530 acciperet
1989 494 2043 520 aut
2060 490 2125 531 epi-

393 560 402 570 ·
432 560 461 579 7³.
481 548 586 589 scopis
612 553 643 578 et
668 547 793 577 clericis
814 547 1075 588 dampnationem
1094 551 1282 587 perpetuam
1309 556 1371 575 non
1398 545 1599 585 importaret:
1626 542 1754 584 quando
1774 544 1843 572 *aut
1867 542 1919 572 hic
1936 542 2126 583 punirentur

387 1800 397 1810 ⁸
483 1786 593 1817 clerici
610 1786 681 1816 Deo
706 1785 881 1821 militantis,
903 1787 1038 1826 ‘partem
1064 1785 1215 1826 pauperis
1241 1784 1492 1814 consolationem
1516 1785 1548 1814 in
1573 1795 1631 1814 sua
1655 1783 1815 1814 aecclesia
1839 1795 1902 1814 non
1922 1784 2125 1822 invenientis,

404 2674 465 2694 [76¹.

481 606 535 631 aut
560 612 618 631 sua
643 600 871 631 reclamatione
897 605 1008 630 eontra
1032 599 1192 641 predones
1217 598 1396 628 aecclesiae
1422 596 1595 638 pugnando
1620 596 1680 626 tuti
1705 606 1812 626 coram
1838 595 1921 634 Deo,
1946 595 2125 626 laudabiles

481 665 589 684 coram
603 653 762 684 aecclesia
776 653 997 683 redderentur.
1030 653 1122 690 Nam,
1141 652 1167 682 si
1180 656 1428 693 perseverarent
1442 650 1594 680 continua
1612 648 1840 679 reclamatione
1854 648 1988 679 forsitan
2001 660 2124 690 parum,

480 707 614 737 forsitan
630 706 764 737 multum
782 706 941 748 predones
959 711 1119 739 movente,
1137 705 1199 735 cito
1218 704 1349 734 daretur
1373 709 1404 733 et
1429 703 1469 733 ab
1487 703 1545 737 liis,
1572 702 1625 743 qui
1651 713 1692 732 cx
1710 701 1838 732 diverso
1864 706 1981 741 essent,
2007 700 2126 732 bonum

480 760 697 791 testimonium
715 765 779 790 tam
798 759 958 801 episcopis
985 758 1023 789 de
1047 758 1149 788 malae
1174 757 1389 799 usurpationis
1408 756 1595 797 penitentia,
1614 766 1711 796 quam
1729 754 1854 785 clericis
1872 754 1912 785 de
1930 755 2124 785 innocentia.
2146 767 2170 786 ιο

590 823 661 852 159.
698 821 770 852 Νο11
796 827 843 851 est
868 826 974 851 autem
999 821 1135 851 victoria
1167 819 1380 861 desperanda,
1406 824 1440 848 ut
1465 823 1546 848 testa
1573 817 1712 848 luctatur
1738 828 1809 847 cum
1835 822 1942 858 petra3
1974 828 2035 847 nec
2061 828 2124 847 om-

480 876 555 905 nino
588 874 735 905 dubitare
768 874 934 908 debemus,
967 874 1044 915 quin
1075 874 1153 903 assit
1177 873 1336 903 1)(»111111115
1368 883 1425 913 pro
1459 883 1516 902 sua
1548 870 1725 901 hereditate
1759 869 1973 901 certantibus:
2006 875 2041 900 ut
2072 875 2126 900 aut

481 929 659 958 communis
684 928 750 958 vita
782 939 840 969 pcr
863 927 1013 957 matrices
1043 926 1218 957 aecclesias
1250 926 1436 956 restituatur
1467 923 1644 955 secundum
1677 923 1854 965 apostolica
1884 923 2029 954 instituta
2060 928 2123 961 aut,

481 982 506 1011 si
531 981 591 1011 hoc
615 981 685 1011 ficri
710 992 773 1011 non
797 986 912 1022 potest.
938 985 1106 1010 serventur
1131 979 1243 1009 saltem
1264 978 1433 1020 synodalia
1451 982 1622 1019 prs-cepta:
1648 977 1693 1007 ita
1718 976 1851 1014 scilicet,
1876 981 1911 1007 ut
1935 988 1997 1007 non
2023 976 2124 1006 solum

481 1040 595 1076 quarta
628 1034 827 1067 clericorum,
860 1039 975 1075 quarta
1000 1044 1188 1074 pauperum,
1215 1037 1329 1073 quarta
1353 1030 1549 1061 fabricarum
1574 1029 1889 1060 aecclesiasticarum
1918 1030 1951 1060 in
1976 1029 2124 1071 antiquos
2145 1041 2169 1060 15

481 1098 518 1117 ac
544 1087 669 1117 dcbitos
694 1099 770 1117 usus
796 1087 1021 1123 restituantur3
1048 1085 1104 1115 sed
1128 1086 1199 1126 ipsa.
1224 1086 1319 1115 etiam
1346 1090 1461 1125 quarta
1485 1083 1629 1125 episcopi
1655 1094 1674 1113 a
1698 1082 1875 1122 monachis,
1902 1088 1933 1113 et
1949 1083 2089 1113 maxime
2107 1093 2126 1113 a

481 1135 635 1170 militibus
668 1140 821 1181 requisita
846 1139 886 1170 ab
912 1150 959 1177 eo,
992 1139 1074 1169 sicut
1098 1138 1142 1168 illi
1168 1138 1374 1169 constitutum
1400 1142 1457 1172 est,
1491 1136 1711 1178 expcndatur3
1742 1136 1804 1166 nisi
1835 1136 1917 1167 forte
1949 1136 2124 1166 secundum

481 1205 620 1224 canones
646 1192 902 1223 collaudantibus
929 1198 959 1222 et
983 1190 1261 1222 subscribentibus
1286 1190 1411 1221 clericis
1437 1189 1707 1231 quinquagesima
1728 1189 1831 1231 portio
1857 1189 1896 1220 de
1923 1189 2031 1230 aliqua
2055 1200 2125 1220 aec-

481 1246 663 1277 clesiastica
686 1246 889 1288 possessione
915 1245 1079 1276 monachis
1105 1244 1223 1275 tradita
1247 1244 1411 1274 doceatur.

591 1309 661 1338 160.
698 1307 891 1338 Huiusmodi
924 1308 1007 1338 enim
1041 1306 1219 1337 subsidium
1251 1306 1439 1347 permittunt
1470 1306 1572 1335 sancti
1604 1310 1712 1346 patres
1741 1304 1811 1335 fieri
1843 1304 1883 1335 ab
1909 1305 2060 1346 episcopo
2086 1304 2127 1335 ad
2146 1316 2171 1335 20

481 1361 716 1391 sublevandum
742 1366 773 1391 ct
797 1360 1027 1391 consolandum
1056 1359 1187 1401 aliquod
1218 1359 1446 1389 monasterium
1472 1359 1511 1389 de
1536 1357 1633 1388 rebus
1657 1358 1846 1388 facultatum
1872 1357 2126 1388 aecclesiastica-

481 1426 561 1449 rum,
588 1420 620 1444 ut
646 1414 915 1456 quinquagesima
939 1413 1041 1454 portio
1067 1412 1106 1443 de
1132 1412 1311 1453 aliqucwum
1336 1411 1522 1453 prediorum
1548 1410 1758 1453 pensionibus
1788 1422 1845 1442 seu
1868 1411 2017 1442 villarum
2042 1410 2126 1442 deci-

481 1467 676 1498 mationibus
705 1466 871 1497 monachis
903 1467 1084 1508 deputetur.
1133 1465 1232 1496 Cuius
1258 1466 1546 1507 quinquagesimae
1572 1465 1728 1506 portionis
1753 1464 1882 1495 traditio
1908 1464 2128 1506 sollempniter

482 1528 513 1551 et
537 1520 678 1562 legitime
704 1519 961 1551 collaudantibus
987 1519 1112 1549 clericis
1130 1519 1225 1554 facta,
1250 1524 1359 1549 manet
1383 1518 1571 1557 insolubilis,
1598 1519 1674 1559 quia
1697 1518 1855 1559 permissa
1880 1522 1928 1548 est
1952 1518 1984 1547 in
2001 1523 2127 1559 patrum

483 1574 672 1605 constitutis.
722 1573 756 1603 Si
781 1579 887 1603 autem
913 1572 951 1603 de
977 1572 1037 1602 hac
1061 1573 1132 1614 ipsa
1149 1572 1419 1613 quinquagesima
1442 1583 1505 1601 non
1524 1577 1571 1602 est
1595 1571 1681 1602 faeta
1706 1571 1890 1612 sollempnis
1916 1576 1947 1601 et
1971 1571 2128 1601 canonica
2145 1581 2170 1601 25

482 1627 622 1663 traditio,
654 1627 729 1657 licet
761 1626 912 1667 episcopo
944 1636 1003 1655 nec
1028 1626 1137 1655 vivum
1168 1636 1228 1656 nec
1260 1625 1413 1666 scriptum
1439 1625 1657 1655 testimonium
1686 1636 1783 1666 super
1807 1624 1867 1655 hoc
1891 1624 2069 1655 invenienti
2093 1628 2127 1654 ut

482 1679 670 1710 matricibus
696 1679 862 1710 aecclesiis
887 1679 1031 1709 iusticias
1057 1690 1130 1708 suas
1155 1679 1311 1713 restituat,
1336 1690 1376 1708 nc
1402 1677 1441 1708 dc
1466 1677 1562 1708 rebus
1588 1677 1838 1708 aecclesiasticis
1859 1677 1946 1708 facta
1962 1677 2125 1719 usurpatio

482 1733 657 1763 1110111101105
675 1732 746 1763 Deo
764 1732 862 1762 faciat
879 1731 1025 1767 odibiles,
1051 1738 1173 1772 partem
1192 1731 1353 1772 peregrini
1371 1730 1411 1761 ab
1430 1731 1582 1772 episcopo
1608 1730 1787 1761 subsidium
1805 1731 1977 1772 poscentiS‚
2002 1735 2126 1772 partem

482 1844 606 1881 partem
639 1838 816 1869 aecclesiae
849 1837 1043 1868 fabricarum
1076 1838 1307 1867 restauratione
1333 1837 1506 1878 indigentis
1532 1838 1723 1878 pervasione
1749 1837 1889 1879 quadam
1913 1836 2124 1879 possidentes.
2145 1848 2169 1867 ao

594 1902 663 1931 161.
700 1900 763 1930 Hic
789 1900 933 1930 obiciunt
956 1899 1121 1929 monachi:
1148 1899 1219 1935 ‘SR
1245 1899 1402 1940 inquiunt,
1429 1898 1480 1929 ‘ab
1506 1899 1658 1940 episcopo
1684 1910 1742 1930 sua
1767 1904 1881 1940 quarta
1906 1899 1945 1930 de
1970 1904 2035 1929 toto
2060 1899 2124 1940 epi-

484 1960 617 1996 scopatu
635 1953 769 1984 collecta
786 1953 818 1983 in
837 1953 1079 1994 peregrinorum
1104 1957 1135 1982 et
1159 1952 1319 1993 hospitum
1345 1953 1559 1993 susceptione,
1585 1963 1648 1982 non
1673 1953 1705 1982 in
1730 1952 1876 1991 militum,
1902 1952 2124 1992 scutariorum,

483 2007 704 2043 ioculatorum,
736 2006 926 2036 histrionum
958 2005 1049 2035 donis
1075 2010 1106 2035 et
1130 2005 1366 2046 epulationibus
1395 2011 1647 2041 consumeretur,
1680 2006 1706 2035 si
1731 2017 1795 2036 vox
1826 2005 2037 2036 ioculatorum
2060 2009 2124 2035 tam

483 2072 583 2091 exosa
607 2067 692 2090 esset
714 2060 747 2089 in
772 2070 828 2089 suo
854 2058 999 2099 prandio,
1029 2059 1111 2088 sicut
1135 2058 1179 2088 illi
1205 2064 1315 2089 saneto
1341 2059 1492 2099 episcopo
1506 2060 1524 2096 1,
1551 2070 1646 2100 quem
1671 2058 1785 2089 beatus
1811 2058 1987 2100 Gregorius
2011 2059 2045 2089 in
2069 2069 2123 2089 suo

484 2113 635 2154 dialogo?
659 2112 872 2150 commendat,
902 2123 938 2142 eo
964 2111 1050 2153 quod
1080 2111 1249 2141 ioculatori
1280 2123 1343 2141 non
1375 2111 1565 2145 detrahenti,
1598 2123 1662 2142 non
1693 2112 1818 2142 aurium
1849 2112 2006 2154 pruritum
2038 2111 2125 2142 inani
2142 2120 2166 2141 ³5

484 2166 680 2197 fabulatione
712 2165 864 2203 moventi,
897 2164 953 2195 scd
986 2176 1057 2195 cum
1087 2165 1190 2205 symia
1214 2170 1245 2195 et
1269 2165 1411 2205 timpano
1444 2165 1633 2206 simpliciter
1657 2171 1688 2195 et
1712 2166 1901 2196 innocenter
1930 2164 2053 2195 ludenti
2084 2163 2125 2195 ad

484 2231 576 2250 suum
595 2218 762 2260 prandium
782 2230 845 2248 non
863 2218 1007 2259 permisit
1024 2228 1207 2248 accessum:
1234 2218 1309 2259 quin
1329 2218 1432 2259 potius
1450 2223 1581 2259 propter
1598 2218 1658 2249 hoc
1676 2219 1835 2248 nuntiavit
1859 2218 1947 2249 illum
1973 2218 2123 2249 citissime

484 2273 682 2309 moriturum,
708 2271 793 2312 quod
819 2272 970 2312 episcopo
996 2270 1113 2300 divinis
1138 2271 1259 2301 intento
1285 2276 1371 2301 stans
1401 2271 1442 2301 ad
1466 2271 1597 2301 ianuam
1621 2271 1778 2302 ioculator
1802 2272 1937 2313 ingessit
1967 2270 2124 2302 ludicrum

485 2336 613 2355 sonum:
640 2325 664 2354 si
691 2324 834 2366 episcopi
859 2324 999 2354 contenti
1021 2323 1178 2363 religiosis
1197 2323 1412 2363 cubiculariis,
1438 2325 1567 2355 remotis
1592 2336 1611 2355 a
1636 2336 1668 2355 se
1694 2324 1829 2355 militum
1853 2325 1966 2355 turmis
1991 2329 2022 2355 et
2044 2323 2123 2354 mili-

485 2378 606 2409 taribus
637 2378 800 2416 ministris,
833 2378 877 2407 ita
902 2377 1058 2415 viverent,
1083 2382 1117 2406 ut
1141 2377 1233 2406 iuxta
1257 2376 1425 2407 consilium
1450 2376 1538 2407 beati
1562 2378 1715 2408 leronimi
1745 2389 1890 2408 mensam
1914 2389 2023 2408 eorum
2047 2388 2122 2419 pau·
2140 2386 2164 2405 40
2188 2386 2200 2395 ¹>

484 2442 577 2473 peres
603 2438 631 2461 ct
659 2431 819 2472 peregrini
846 2435 877 2460 ct
901 2441 973 2460 cum
999 2429 1059 2459 illis
1077 2429 1222 2459 Christus
1245 2430 1383 2460 conviva
1406 2436 1553 2469 nosso11t3
1580 2431 1605 2461 si
1624 2431 1768 2472 episcopi
1793 2430 1832 2461 de
1856 2430 1916 2471 his,
1941 2441 2023 2472 quae
2048 2440 2122 2460 suae

485 2484 658 2515 domestic(-
685 2491 714 2513 ot
740 2484 869 2513 strictae
892 2483 1073 2513 necessitati
1093 2493 1261 2523 superesse
1280 2489 1422 2523 possent,
1447 2484 1662 2521 xenodochia,
1687 2483 1786 2514 idest
1809 2483 1983 2525 hospitales
2004 2483 2121 2521 domos,

486 2543 710 2579 procurar‹·nt;
737 2537 773 2574 si,
799 2536 956 2577 inquiunt,
981 2536 1026 2565 sie
1052 2540 1083 2565 ct
1107 2535 1153 2565 sie
1178 2535 1303 2576 agendo
1329 2536 1472 2577 episcopi
1498 2542 1645 2577 quartam
1663 2548 1753 2567 suam
1778 2542 1865 2567 recte
1890 2536 2121 2578 dispensarent,

485 2590 664 2631 periculoso
689 2589 729 2619 ad
748 2601 816 2619 cam
837 2588 1035 2619 retinendam
1061 2600 1117 2618 nos
1142 2588 1289 2618 monachi
1311 2588 1588 2623 c·›ntcnd‹‘·rc1nus,
1615 2591 1691 2631 quia
1715 2590 1885 2620 mundanis
1910 2588 2121 2620 oblationibus

593 2665 743 2697 Gregorius
777 2674 850 2698 papa
880 2674 971 2690 coram
1002 2664 1186 2689 sacratissimo
1211 2664 1287 2689 beati
1312 2663 1388 2689 Petri
1413 2665 1532 2698 apostoli
1558 2674 1671 2699 corpore
1698 2675 1758 2691 cum
1784 2665 1921 2700 episcopis
1948 2668 1976 2691 et
2000 2664 2121 2690 omnibus
2138 2667 2161 2688 ⁴⁵
2186 2661 2210 2690 ῗι,

489 2719 628 2745 Romanae
646 2718 800 2743 aecclesiae
819 2717 992 2751 presbyteris
1010 2717 1146 2748 residens,
1172 2717 1328 2742 astantibus
1353 2717 1515 2743 diaconibus
1541 2722 1570 2744 et
1594 2724 1695 2744 cuncto
1713 2719 1788 2745 clero
1804 2716 1910 2744 dixit3:
1936 2717 2122 2745 Ver-erundum

485 2775 579 2798 nostro
604 2775 725 2807 temport‘
749 2770 952 2797 [ullis-rrulionis
976 2770 1075 2795 malum
1101 2769 1218 2802 inolevit,
1244 2773 1272 2796 ul
1295 2784 1337 2787 —-
1362 2784 1403 2787 —
1428 2771 1579 2806 exemplum
1600 2771 1748 2807 profectus
1770 2775 1890 2798 sumant.

596 2848 623 2885 l)
648 2849 802 2884 Bom'fncio
826 2849 907 2885 episc.
937 2849 1048 2875 Ferenc.
1164 2847 1194 2883 2)
1219 2849 1252 2875 L.
1280 2848 1301 2881 Ι,
1327 2858 1349 2875 c.
1377 2848 1405 2881 9,
1432 2848 1504 2885 Opp.
1530 2850 1569 2883 Il,
1595 2851 1644 2877 col.
1668 2850 1736 2877 188.
1852 2851 1881 2883 3)
1907 2850 2029 2878 Decreta
2053 2858 2074 2876 c.
2093 2847 2119 2881 6,
2152 2846 2177 2864 ⁸
2200 2839 2202 2842 v

488 2902 559 2940 Opp,
586 2903 624 2936 Il,
651 2903 700 2929 rol.
724 2901 822 2935 l29s);
851 2902 940 2938 Epist.
963 2902 991 2935 V,
1018 2902 1085 2935 57:12
1114 2901 1180 2928 EE.
1206 2901 1228 2935 Ι1
1249 2911 1280 2937 p.
1302 2901 1373 2928 363,
