2233 3252
467 193 529 222 276
758 194 935 221 GERHOHI
960 194 1191 221 PRAEPOSITI
1215 193 1621 221 REICHERSBERGENSIS
1645 194 1809 220 LIBELLI.

467 288 650 330 transfudit.
689 288 792 326 Igitur
807 287 902 317 homo
928 293 1036 318 eterne
1059 287 1237 318 divinitatis
1254 288 1422 318 maiestate
1440 286 1636 323 nobilitatus,
1661 286 1741 317 falso
1758 292 1894 328 negatus
1911 287 2039 318 nomine
2056 287 2109 319 illo

292 354 437 377 1·12a;;·5›.·.1.÷·
467 341 612 373 donatus,
631 340 716 382 quod
735 347 783 370 est
807 351 904 382 super
921 351 1014 371 omne
1032 351 1158 374 nomen,
1177 340 1272 382 quod,
1299 341 1381 371 sicut
1398 339 1598 381 Augustinus
1616 340 1731 370 asserit
1742 341 1761 379 ¹,
1788 339 1908 370 homiui
1925 339 2034 371 datum
2052 346 2108 381 est,

467 406 528 424 11011
547 394 628 426 Deo,
647 394 723 435 quia
740 393 898 423 Dominus
916 393 994 423 illud
1012 404 1140 435 semper
1157 393 1269 423 habuit
1286 404 1344 434 per
1360 398 1518 425 naturam,
1533 392 1619 434 quod
1636 392 1756 423 homini
1774 392 1884 423 datum
1901 404 1958 434 per
1975 394 2110 434 gratiam

467 455 496 477 vt
521 458 578 488 per
603 447 779 477 nativitatis
805 457 845 476 ex
862 447 988 487 virgine
1005 452 1162 483 naturam,
1182 457 1245 488 qua
1266 447 1294 476 01
1320 445 1429 476 datum
1454 451 1485 475 et
1509 446 1652 475 innatum
1678 451 1736 484 est,
1761 451 1795 476 ut
1819 446 1859 476 sit
1883 445 2056 477 altissimus
2081 452 2112 478 et

467 499 619 530 naturalis
644 499 708 529 Dei
740 500 839 540 patris
865 499 1011 530 altissimi
1041 499 1125 530 filius
1151 510 1232 541 eque
1257 499 1468 540 ‹:›1nnipote11s,
1494 504 1528 528 ut
1552 497 1687 529 verbum
1712 498 1776 529 Dei
1800 498 1901 537 Deus,
1933 510 1952 529 a
1976 511 2038 541 quo
2064 505 2112 530 est
2131 511 2142 530 5

466 559 658 594 assumptus.
693 552 788 591 Quod
806 553 859 594 qui
877 558 1013 593 negatus
1032 553 1091 594 ipsi
1109 552 1270 583 natalibus
1284 551 1403 582 Christi
1421 551 1618 592 derogando,
1633 556 1787 593 quantum
1804 552 1838 582 in
1854 552 1932 593 ipsis
1947 557 2004 591 est,
2021 552 2111 583 here-

467 606 539 636 dem
557 605 717 639 occidunt,
736 606 811 647 quia
828 605 1023 636 hereditario
1049 606 1140 646 regni
1165 617 1202 635 ac
1228 604 1399 636 sacerdotii
1425 604 1545 634 honore
1565 604 1670 645 ipsum
1686 604 1853 646 indignum
1871 605 2018 644 afferunt,
2036 605 2112 636 dum

358 672 444 689 ·1.117'.
467 659 534 689 vius
552 658 710 689 nobilitati
729 658 909 689 detrahunt.
948 658 1129 689 Seismatici
1148 660 1279 694 *autem,
1295 658 1348 699 qui
1365 669 1428 688 non
1446 658 1513 698 regi
1533 657 1699 699 derogare,
1718 657 1775 688 sed
1792 669 1926 699 regnum
1944 659 2012 689 eius
2030 658 2112 689 scin-

466 712 541 742 dere
560 723 597 742 ac
612 711 757 742 dividere
776 716 941 751 conantur,
957 717 988 742 et
1004 712 1065 753 ipsi
1082 722 1146 742 non
1159 712 1274 741 minori
1292 711 1500 752 malignitatis
1518 711 1632 752 spiritu
1645 716 1757 741 contra
1769 711 1921 742 heredem
1934 711 2112 752 legitimum

467 765 697 801 debachantur,
724 764 762 795 de
789 776 846 795 sua
869 764 1048 795 hereditate
1074 764 1162 795 illum
1181 763 1384 795 excludendo
1402 764 1457 805 qui
1480 775 1544 794 non
1569 763 1702 803 habitat,
1727 764 1789 794 nisi
1814 765 1845 794 in
1862 765 1993 803 unitate,
2015 776 2112 806 quam
2132 777 2157 795 10

466 818 623 860 dissipare
643 817 719 848 dum
737 824 895 848 conantur
919 824 959 856 et,
986 818 1011 847 si
1031 829 1095 848 non
1112 816 1232 848 Christi
1250 818 1421 855 occisores,
1446 822 1555 847 tamen
1573 815 1693 847 Christi
1717 817 1907 858 spoliatores
1932 828 2002 848 esse
2028 829 2112 848 com-

466 871 652 913 probantur.
691 870 756 901 Sed
781 881 885 912 neque
910 871 1062 901 hereticis
1081 870 1199 901 Christi
1224 869 1539 911 blasphematoribus
1564 881 1670 911 neque
1695 870 1886 901 scismaticis
1904 870 2024 901 Christi
2041 882 2111 912 spo-

467 924 632 955 liatoribus
657 924 778 954 licitum
804 924 864 954 fuit
888 923 1062 965 aliquando
1088 924 1120 953 in
1138 934 1218 965 pace
1239 922 1405 964 possidere
1424 922 1542 953 Christi
1568 934 1587 953 a
1612 934 1645 953 se
1671 923 1769 954 occisi
1793 923 1845 954 vel
1870 923 1997 965 spoliati
2021 923 2112 954 here-

466 978 609 1009 ditatem,
635 978 797 1019 quoniam,
823 977 906 1007 sicut
930 976 1039 1007 Iudeis
1065 976 1184 1007 Christi
1210 975 1408 1007 occisoribus
1434 977 1602 1006 venientes
1626 976 1763 1007 Romani
1787 976 1929 1007 tulerunt
1951 977 2057 1008 locum
2082 982 2113 1008 et

466 1038 594 1072 gentem
620 1042 657 1061 ac
682 1036 780 1060 totam
805 1029 892 1060 illam
916 1029 1140 1069 hereditatem,
1172 1041 1229 1071 pro
1256 1040 1319 1070 qua
1343 1029 1513 1060 retinenda
1537 1029 1689 1060 heredem
1715 1029 1909 1067 occiderant,
1940 1031 1985 1060 sic
2010 1031 2112 1071 ponti·
2133 1042 2157 1061 15

466 1085 542 1115 tices
568 1084 703 1114 Romani
735 1082 953 1113 annitentibus
986 1082 1056 1113 aliis
1081 1082 1269 1113 orthodoxis
1301 1082 1459 1113 hereticos
1485 1094 1523 1113 ac
1548 1083 1748 1113 scismaticos
1773 1082 1813 1113 ab
1839 1083 2017 1114 hereditate
2042 1094 2112 1125 per-

466 1149 543 1168 vasa
570 1138 743 1171 eiecerunt,
770 1142 881 1167 eontra
906 1136 1065 1166 hereticos
1090 1136 1270 1174 veritatem,
1297 1141 1408 1166 contra
1436 1136 1635 1166 scismaticos
1667 1136 1846 1167 aecclesiae
1870 1137 2027 1167 unitatem
2051 1136 2112 1167 for-

467 1191 587 1221 tissime
614 1189 817 1220 dcfcndendo
843 1195 938 1231 atque
964 1190 1050 1231 ipsos
1076 1200 1219 1219 errorum
1244 1189 1415 1230 magistros
1439 1188 1525 1219 foras
1549 1188 1708 1230 pellendo.
1758 1189 1811 1220 Sic
1833 1190 1878 1220 sic
1903 1189 1957 1220 illa
1981 1189 2113 1231 maligni

292 1257 445 1276 ›imur-nas.
467 1244 596 1285 spiritus
615 1243 800 1285 propositio,
815 1253 911 1284 quam
929 1253 987 1284 per
1003 1242 1132 1273 colonos
1150 1241 1250 1272 malos
1269 1242 1459 1279 enuntiavit,
1475 1241 1626 1272 dicendo:
1650 1242 1764 1281 lenite,
1778 1243 1956 1274 occidamus
1972 1243 2112 1274 heredem

467 1305 493 1326 rt
517 1298 695 1328 habebamus
720 1296 917 1327 Ilm-wlfranni
945 1297 1011 1327 aias
1041 1296 1074 1326 in
1098 1301 1189 1337 parte
1216 1295 1346 1337 quidem
1378 1300 1426 1325 est
1456 1295 1599 1336 impleta,
1630 1295 1706 1326 dum
1731 1295 1919 1326 occiderunt
1950 1295 2111 1327 heredem.
2131 1308 2156 1327 20

468 1350 532 1380 Sed
557 1350 616 1380 1100
642 1350 797 1380 hactenus
822 1349 947 1390 impleri
972 1360 1035 1379 non
1061 1349 1173 1390 potuit,
1200 1354 1233 1379 ut
1262 1349 1295 1379 in
1319 1359 1400 1390 pace
1425 1348 1629 1390 possiderent
1653 1354 1684 1379 et
1708 1348 1866 1379 haberent
1890 1349 2111 1380 hereditatem.

573 1412 660 1442 Dum
693 1423 769 1453 ergo
800 1411 977 1447 hereditas,
1011 1422 1093 1452 quae
1125 1423 1144 1441 a
1174 1412 1353 1452 priscorum
1387 1409 1585 1452 temporibus
1617 1410 1823 1441 Antichristis
1859 1410 2018 1452 possideri
2050 1422 2113 1442 non

469 1466 579 1506 potuit,
611 1477 629 1495 a
661 1465 760 1495 nostri
792 1465 945 1506 temporis
971 1464 1179 1495 Antichristis
1210 1465 1243 1494 in
1267 1474 1348 1505 pace
1378 1475 1415 1494 ac
1445 1464 1616 1494 securitate
1647 1463 1840 1505 possidetur,
1871 1464 1947 1494 novi
1979 1475 2016 1495 ac
2047 1476 2112 1495 1110-

468 1518 558 1549 dcrni
576 1518 765 1548 Antichristi
791 1517 967 1559 adimplent
991 1528 1175 1548 mensuram
1200 1523 1327 1559 patrum
1353 1528 1492 1554 suorum,
1518 1516 1643 1547 illorum
1661 1516 1813 1547 videlicet
1829 1516 2112 1557 Antichristorum,

469 1572 522 1613 (1111
547 1571 699 1602 heredem
725 1570 854 1612 quidem
880 1570 1068 1601 ‹zm-ciderunt
1092 1570 1143 1601 vel
1169 1570 1399 1612 slwliaverunt,
1425 1570 1482 1600 sed
1507 1569 1719 1600 hereditatem
1744 1570 1812 1601 eius
1838 1571 1967 1601 minime
1993 1570 2112 1602 habere
2132 1583 2156 1602 25

469 1631 650 1666 1101110111111.
698 1624 769 1655 Non
796 1624 879 1654 enim
901 1623 1097 1654 verbotenus
1121 1623 1173 1654 vel
1199 1624 1281 1654 sicut
1305 1624 1398 1665 primi
1424 1623 1528 1654 coloni
1554 1623 1666 1653 dicunt
1690 1623 1774 1654 intra
1798 1634 1831 1654 se
1855 1624 1888 1653 in
1913 1624 2112 1665 cogitationi-

470 1677 538 1715 bus,
564 1684 686 1708 tantum
711 1677 888 1707 hereditate
915 1677 1137 1718 possideamus
1162 1677 1381 1707 sanctuarium
1405 1676 1479 1716 Dei,
1506 1676 1562 1707 sed
1586 1676 1682 1707 rebus
1708 1677 1814 1718 agitur
1839 1682 1870 1707 et
1893 1676 1989 1707 rebus
2014 1676 2112 1707 adim-

469 1731 574 1772 pletur
605 1742 621 1761 a
654 1730 815 1761 modernis
846 1730 1064 1767 Antichristis,
1098 1729 1184 1771 quod
1215 1730 1415 1772 propositum
1448 1736 1495 1760 est
1529 1729 1569 1760 ab
1595 1730 1746 1771 antiquis,
1778 1730 1944 1771 possident
1975 1741 2112 1772 namque

470 1785 687 1814 sanctuarium
712 1784 775 1814 Dei
801 1795 864 1813 non
889 1784 970 1813 sicut
996 1783 1225 1821 sanctuarium,
1258 1783 1313 1813 scd
1347 1784 1429 1814 sicut
1459 1783 1607 1825 predium
1633 1795 1724 1813 suum
1748 1783 1988 1823 hereditarium,
2020 1789 2114 1825 prout

469 1837 580 1867 volunt
611 1836 774 1867 militando
806 1836 880 1867 111110
913 1836 1021 1867 seculo
1054 1836 1093 1867 de
1126 1836 1285 1878 stipendio
1318 1836 1549 1867 ecclesiastico.
1602 1836 1673 1867 Non
1703 1847 1762 1877 ego
1794 1848 1879 1867 nune.
1911 1848 1971 1877 ago
2003 1842 2114 1867 contra
2132 1849 2156 1867 ³0

470 1891 639 1931 episcopos·
671 1890 815 1931 aliosque
847 1890 910 1920 Dei
943 1890 1104 1920 ministros
1136 1889 1278 1931 legitime
1311 1891 1343 1920 in
1375 1889 1468 1920 domo
1501 1890 1564 1920 Dei
1596 1889 1797 1920 ambulantes
1829 1895 1860 1920 et
1891 1901 2025 1931 regnum
2057 1901 2112 1920 suo

309 1939 448 1987 ‘'¹‘j¹‚¹{¹,'i],¹¹·
470 1943 563 1973 modo
589 1943 790 1977 adiuvantes,
816 1942 968 1973 videlicet
993 1943 1106 1973 stando
1132 1948 1163 1973 et
1188 1943 1307 1973 orando
1332 1943 1365 1973 in
1390 1948 1497 1973 monte
1524 1954 1595 1974 cum
1621 1942 1744 1984 Moyse,
1770 1949 1804 1973 ut
1829 1954 1939 1973 eorum
1963 1942 2112 1984 precibus

472 1997 502 2025 in
527 2007 640 2037 eampo
674 1996 765 2026 liuius
798 1996 907 2026 mundi
933 1997 1065 2026 vincant
1096 2001 1127 2026 et
1150 1997 1290 2027 victores
1322 2001 1534 2038 permaneant
1558 1995 1713 2035 Israelite,
1738 1996 1910 2026 vincantur
1933 2001 1964 2027 et
1988 2007 2114 2038 semper

472 2050 546 2079 victi
579 2056 729 2079 maneant
761 2049 811 2079 vel
843 2050 947 2090 potius
980 2056 1114 2091 pereant
1139 2049 1373 2087 Amalcchitae,
1402 2050 1535 2080 vineant
1566 2050 1727 2091 principes
1760 2049 1919 2085 catholici,
1944 2049 2114 2080 vincantur

472 2102 663 2132 christiana«-
697 2103 785 2143 pacis
811 2103 942 2136 inimici,
968 2103 1100 2133 vincant
1125 2103 1179 2144 qui
1204 2103 1293 2133 missi
1324 2108 1397 2133 sunt
1428 2102 1469 2133 ad
1494 2102 1669 2133 vindictam
1701 2102 1954 2141 malefactorum,
1986 2102 2113 2133 laudem
2132 2114 2156 2134 ³5

319 2169 449 2187 121022523,
472 2167 547 2185 vero
572 2154 739 2188 bonorum,
766 2156 936 2186 vincantur
961 2162 1066 2186 autem
1099 2162 1129 2186 et
1160 2161 1296 2197 pereant
1326 2161 1514 2197 peccatores
1540 2167 1558 2186 a
1582 2156 1665 2186 facie
1690 2155 1764 2195 Dei,
1796 2161 1940 2197 pereant,
1971 2156 2112 2197 inquam,

472 2215 657 2249 peccatores
689 2220 705 2238 a
737 2209 820 2239 faeie
851 2215 966 2242 terrae,
1000 2216 1030 2239 01
1060 2210 1162 2250 1111(1111
1193 2210 1252 2248 ita,
1284 2215 1319 2239 ut
1348 2220 1412 2239 11011
1444 2210 1515 2239 sint.
1565 2208 1629 2240 Sed
1661 2209 1737 2250 quia
1769 2214 1842 2239 sunt
1874 2209 2027 2250 episcopi,
2059 2209 2113 2250 qui

471 2262 632 2291 exercitus
651 2274 736 2291 morc
755 2262 844 2292 ducis
863 2262 992 2298 ducunt,
1018 2263 1154 2303 negocia
1179 2263 1345 2304 sanguinis
1363 2268 1502 2293 tractant
1527 2268 1558 2292 et
1583 2268 1682 2303 agunt
1706 2262 1738 2292 in
1756 2261 1977 2292 obsidionibus
1996 2267 2112 2292 castro-

472 2325 550 2351 rum,
576 2314 606 2344 in
625 2314 857 2345 vastationibus
882 2315 1044 2345 hostilium
1069 2321 1237 2355 terrarum,
1264 2315 1339 2346 dum
1364 2326 1421 2357 per
1446 2315 1597 2346 incendia
1621 2321 1652 2345 et
1675 2315 1806 2357 rapinas
1830 2315 1994 2345 insaniunt
2017 2319 2111 2356 atque

473 2367 502 2396 in
528 2367 575 2396 liis
602 2367 799 2408 exequendis
825 2368 1080 2399 aecclesiasticas
1106 2368 1276 2399 facultates
1302 2368 1498 2410 expendunt,
1525 2368 1615 2398 salva
1639 2379 1719 2409 pace
1743 2367 1966 2409 religiosorum
1992 2368 2112 2410 episco-
2129 2380 2154 2399 40
2198 2383 2212 2403 2¹,

473 2431 593 2460 porum,
620 2421 672 2461 qui
703 2421 887 2461 paucissimi
920 2428 991 2451 sunt
1025 2427 1136 2451 contra
1166 2421 1471 2463 pseudoepiscopos,
1504 2432 1645 2460 moveor,
1671 2421 1725 2463 qui
1749 2432 1814 2452 non
1838 2420 1993 2452 obediunt
2017 2432 2111 2451 euan-

369 2487 449 2505 vnm,
471 2472 554 2511 ,μμ-110
581 2485 675 2514 supra
693 2485 824 2513 gregem
843 2473 903 2503 sibi
921 2475 1125 2504 commissum
1143 2474 1317 2516 vigilando,
1344 2486 1406 2504 non
1425 2474 1579 2505 obediunt
1606 2474 1793 2516 ‘apostolico
1818 2474 1981 2513 mandato,
2003 2479 2112 2517 contra

472 2526 562 2555 cuius
588 2526 764 2556 doctrinam
791 2538 823 2556 sc
850 2526 1015 2567 implicant
1040 2527 1238 2557 secularibus
1264 2528 1418 2567 negociis,
1444 2539 1507 2557 non
1532 2527 1687 2558 obediunt
1711 2528 1807 2558 etiam
1825 2527 1962 2558 decretis
1987 2532 2111 2569 aposto-

473 2578 552 2608 lit-az¹
578 2579 673 2617 sodis,
700 2586 810 2609 contra
836 2580 925 2609 cuius
951 2579 1055 2610 edicta
1082 2579 1291 2610 saluberrima
1308 2580 1478 2611 Nicolaum
1503 2580 1740 2619 fornicatorem,
1767 2580 1941 2622 Symonem
1966 2580 1998 2610 in
2019 2580 2110 2610 domo

475 2632 533 2662 lai
559 2633 782 2670 negociantem
809 2633 853 2661 sic
879 2633 1079 2662 tamiliariter
1106 2633 1226 2671 fovent,
1252 2639 1286 2663 ut
1308 2634 1363 2663 uni
1387 2633 1498 2664 talium
1529 2645 1594 2664 non
1618 2645 1715 2664 unani
1746 2632 1884 2675 plebem,
1917 2633 1974 2663 sed
1998 2632 2111 2663 multas
2127 2643 2152 2664 45
2191 2659 2194 2664 .

473 2684 583 2726 plebes
609 2692 813 2723 001111111110111,
841 2692 869 2715 et
896 2685 950 2715 tali
977 2685 1117 2726 bigamia
1143 2685 1193 2715 vel
1220 2687 1368 2727 trigamia
1388 2687 1439 2717 vel
1465 2687 1491 2716 si
1516 2686 1581 2717 dici
1605 2692 1719 2728 potest,
1745 2687 1936 2727 octogamia,
1963 2696 2110 2728 sponsam

475 2739 533 2768 l>ci
560 2737 730 2768 ecclesiam
763 2750 825 2767 11011
857 2738 969 2768 timont
1001 2738 1110 2768 fedare
1143 2745 1238 2780 atque
1271 2739 1363 2769 huius
1394 2739 1504 2770 mundi
1537 2740 1683 2770 servituti
1708 2738 1880 2780 subiugare
1906 2739 2017 2770 ordine
2041 2749 2110 2780 per-

582 2857 608 2882 11
637 2858 742 2883 (11011-(ι
769 2856 919 2883 illtmv'min.
947 2856 1063 2883 Arriam.
1091 2857 1107 2882 l.
1137 2857 1172 2884 Il,
1200 2868 1221 2882 τ’,
1250 2858 1276 2884 2.
1304 2858 1375 2893 ‘'l'l'-
1398 2858 1476 2886 VIII.
1503 2860 1552 2885 col.
1573 2858 1644 2885 (393.
