2233 3252
353 209 531 238 CARMINA
554 210 594 239 IN
618 210 810 238 SIMONIAM
836 211 885 238 ET
911 211 1161 239 ROMANORUM
1188 212 1416 240 AVARl'mM.
1453 211 1489 238 11.
1686 207 1742 238 701

428 303 531 335 ‘Ordo
557 303 752 335 monasticus
776 302 1015 335 ecclesiasticus
1039 309 1089 335 est
1112 304 1180 335 siue
1205 316 1312 344 senna,
1768 315 1864 335 mmm.

426 356 563 388 Estimat
586 356 694 388 omnia
716 355 896 398 spiritualia
919 355 1019 387 divite
1043 368 1153 388 cenna.

427 409 516 441 Ordo
540 409 736 441 monasticus
760 408 998 441 ecclesiasticus
1023 417 1071 441 est
1095 411 1163 441 sinc
1188 422 1297 450 cansa,

363 470 397 494 2⁰
426 461 554 494 Clamat
576 461 619 494 ad
642 461 746 494 hostia
769 462 948 504 spiritualia
972 463 1034 494 iam
1059 463 1119 494 sibi
1145 463 1264 495 clausa.

427 514 516 547 Ordo
540 515 735 547 monasticus
760 514 998 558 ecclesiasticus
1023 515 1107 547 unde
1133 517 1292 548 vocatur?

426 567 564 608 Quando
588 567 758 600 tenacibus
781 574 877 611 atquc
903 568 1075 611 rapacibus
1100 569 1304 600 assimilatur.

424 621 536 661 Terra,
562 621 708 664 pecunia,
734 620 863 664 templa,
888 620 1008 664 palatia
1033 633 1149 663 magna
1175 629 1336 664 parantur.

426 674 520 706 Unde
545 675 689 718 potentia
711 675 779 706 sive
803 673 957 717 superbia
979 675 1237 716 magnificantur.

362 736 395 760 251
425 728 519 759 Vana
543 727 695 771 superbia
719 727 797 770 quid
822 738 880 770 per
903 728 1012 759 inania
1035 727 1242 759 ludificatur?

425 781 556 813 Lucifer
579 780 695 813 extulit
718 787 750 813 et
774 780 864 812 Deus
888 781 1013 824 expulit
1036 787 1068 812 ct
1092 782 1264 813 cruciatur.

425 834 491 866 Sed
515 834 578 866 duo
603 834 735 866 munina
759 845 816 877 per
839 845 898 867 sua
921 834 1050 866 nomina
1074 834 1146 866 nolo
1172 841 1294 874 notare,

425 888 496 928 Que
520 888 680 930 sapientia
702 887 755 919 vel
779 888 963 919 reverentia
986 888 1089 919 nescit
1112 899 1237 919 amare:

424 940 525 983 Plaga
549 941 707 980 latentior,
732 939 786 972 illa
809 941 976 973 nocentior
999 940 1099 972 hostis
1123 941 1271 979 liabetur,

363 1003 397 1025 aa
426 994 578 1036 Languor
601 993 748 1026 innabilis
773 993 1020 1026 immedicabilis
1044 1006 1116 1025 csso
1141 994 1279 1026 videtur.

427 1047 544 1079 Dicere
569 1047 695 1090 planius
720 1052 768 1079 est
791 1047 1000 1087 inhonestius,
1025 1047 1107 1079 ultro
1132 1047 1270 1090 patebit:

426 1100 517 1133 Ultro
541 1101 613 1144 quis
637 1100 757 1139 audiet,
782 1100 864 1132 ultro
888 1099 1070 1140 subaudiet,
1095 1100 1176 1132 ultro
1202 1100 1341 1132 docebit.

425 1154 491 1186 Sed
515 1154 664 1186 dominus
689 1166 778 1186 meus
803 1154 1004 1197 omnipotens
1028 1153 1130 1193 Deus,
1155 1155 1380 1193 ‹unnim-catur,

426 1207 656 1251 [nsipientibus
680 1214 712 1239 ct
735 1206 936 1251 sapientibus
959 1207 1142 1247 auxiliator,

363 1269 396 1292 35
426 1261 496 1303 Hec
521 1262 593 1304 pius
616 1261 742 1293 auferat
766 1266 797 1292 et
820 1260 906 1293 bona
930 1260 1083 1301 conferat,
1108 1266 1142 1292 ut
1166 1266 1359 1301 mereantur,

426 1314 614 1357 Spiritualia
638 1325 773 1357 querere
798 1325 930 1356 pascua,
954 1325 994 1345 ne
1019 1314 1204 1346 moriantur.

427 1385 539 1417 Presul
562 1384 710 1417 amabilis
734 1391 766 1417 et
788 1384 985 1417 venerabilis
1009 1385 1105 1427 Hugo
1128 1385 1271 1425 Diensis,

426 1439 544 1470 Vestra
568 1439 704 1470 scientia
727 1444 836 1470 nostra
859 1437 1023 1481 superflua
1046 1438 1131 1470 radit
1155 1444 1189 1470 ut
1213 1439 1309 1470 ensis.

427 1492 486 1524 Vir
509 1491 736 1532 memorabilis,
761 1491 992 1534 irreparabiliS,
1017 1493 1119 1523 omnis
1144 1492 1295 1523 honestas

364 1554 398 1577 ⁴0
426 1545 544 1577 Vestra
567 1545 751 1588 calumpnia
775 1545 907 1586 corrigit
930 1546 1038 1576 omnia
1061 1545 1160 1587 digna
1184 1550 1336 1588 potestas.

427 1599 556 1640 Anglia,
582 1598 735 1641 Scothya,
761 1598 878 1635 Gallia,
903 1598 1023 1630 Grecia
1046 1610 1104 1629 vos
1128 1605 1304 1634 reveretur,

427 1652 523 1692 Quod
548 1652 717 1695 sapientia,
743 1651 828 1694 quod
853 1652 1037 1683 reverentia
1059 1658 1168 1683 vestra
1191 1658 1341 1683 meretur.

426 1706 580 1737 Carmina
604 1705 747 1745 metrica,
772 1704 860 1736 dicta
884 1705 1012 1747 poetica
1035 1705 1062 1736 si
1086 1704 1294 1747 placuissent,

427 1759 545 1790 Nostra
567 1759 755 1801 precamina
779 1759 863 1790 iusta
886 1769 944 1801 per
967 1759 1075 1790 onmia
1098 1770 1155 1789 vos
1180 1759 1389 1798 monuissent,

365 1821 398 1844 ⁴5
427 1813 481 1844 lus
505 1819 540 1843 ut
563 1811 604 1843 ab
628 1811 777 1843 omnibus
801 1811 861 1852 hec
885 1811 1079 1843 facientibus
1104 1812 1329 1854 optinuissent.

427 1865 561 1903 Afl'rica,
586 1865 742 1907 Spania¹⁸‚
766 1865 888 1897 Pontus
913 1871 945 1896 et
967 1865 1048 1896 Asia
1071 1876 1128 1896 vos
1153 1864 1337 1897 coluissent.

556 1974 586 2005 2.
623 1973 779 2005 Versus
811 1972 855 2004 tle
886 1972 1067 2004 Romana
1097 1973 1297 2004 avaricia.

428 2035 661 2068 Ecclesiastiea
685 2035 785 2066 Roma
809 2035 939 2077 negotia
963 2046 1036 2066 cum
1061 2034 1255 2073 moderetur,

430 2089 565 2129 Questio
589 2088 735 2131 partibus
759 2089 861 2120 omnis
885 2087 926 2119 ab
951 2087 1099 2119 omnibus
1123 2087 1175 2119 hic
1199 2088 1386 2119 reciteturh.

428 2143 505 2174 Sola
528 2142 667 2185 pecunia
691 2141 818 2184 perficit
841 2142 958 2181 omnia,
983 2152 1043 2172 nee
1067 2140 1147 2172 tibi⁰
1173 2140 1295 2172 claudit

428 2197 550 2228 Ianitor
573 2196 664 2234 ostia,
689 2195 774 2226 dona
797 2195 966 2238 sequentia
989 2195 1016 2225 si
1040 2195 1128 2237 prius
1153 2194 1251 2226 audit.

385 2258 400 2281 5
429 2250 492 2290 Qui
517 2249 627 2280 vehit‘¹
651 2248 798 2291 amplius,
823 2247 875 2280 ille
901 2249 1092 2291 propensius
1116 2249 1306 2290 accipietur,

429 2303 580 2345 Quique⁰
604 2302 778 2341 remissius,
805 2301 856 2333 hic
880 2301 1079 2333 inhonestius
1104 2301 1178 2333 inde
1203 2307 1360 2332 movetur.

429 2357 563 2387 Summa.
586 2355 731 2389 scientia,
755 2365 880 2386 summa
902 2355 1047 2397 potentia
1070 2354 1157 2386 nulla
1181 2360 1340 2393 tenentur,

431 2408 540 2441 Verba
563 2408 740 2451 precantia,
764 2419 898 2439 munera
921 2407 1030 2439 dulcia
1052 2409 1085 2439 ni
1111 2408 1310 2439 comitentur.

430 2462 503 2494 Non
527 2461 695 2504 sapientia,
718 2472 783 2492 non
806 2461 990 2492 reverentia
1013 2461 1200 2503 religionis‘

371 2525 402 2548 to
432 2515 589 2547 Iudicium
614 2515 675 2545 nisi
700 2525 758 2557 per
781 2515 900 2546 vicium
925 2515 1013 2556 capit
1036 2514 1254 2545 ambitionis‘.

432 2567 670 2600 Extenuabitur
693 2573 725 2599 et
747 2566 961 2599 vacuabitur13
985 2568 1088 2599 omnis
1112 2567 1296 2601 lionestas‘.

431 2623 512 2653 Cum
537 2621 643 2652 studio
667 2620 743 2652 furit
767 2621 799 2651 in
823 2621 934 2662 precio
959 2621 1103 2651 Romana
1127 2626 1269 2663 potestas
1281 2620 1302 2651 f.

431 2675 517 2707 Hinc
541 2674 747 2706 anathemata
770 2673 932 2716 multaque
957 2673 1109 2705 scismata
1133 2674 1257 2716 spargit
1280 2672 1400 2715 ubique
1414 2673 1434 2710 ¹⁴,

432 2728 528 2768 Quod
551 2726 713 2759 venialia*¹
737 2732 802 2758 tam
827 2726 979 2769 capitalia
1003 2726 1144 2758 sancciti
1172 2726 1313 2768 iniquos.

219 2836 246 2867 a)
267 2838 369 2870 spurtia
387 2846 408 2862 c.
469 2836 497 2862 b)
518 2837 648 2861 reticetur
665 2844 686 2860 c.
745 2834 771 2865 c)
791 2835 826 2860 sic
839 2834 900 2865 Fc.,-
918 2836 969 2860 sibi
988 2844 1008 2859 c..
1063 2834 1091 2859 d)
1112 2835 1146 2859 xic
1164 2843 1184 2859 r.
1205 2834 1265 2860 FL:
1284 2834 1357 2858 ‹le-lit
1376 2834 1476 2858 mnia-in.
1532 2842 1556 2855 ··=
1581 2843 1600 2857 ι’.
1615 2835 1638 2856 αἱ.
1658 2842 1704 2857 nm.
1717 2842 1753 2857 r..-

112 2881 224 2914 eupplevi
242 2890 254 2905 c
275 2881 317 2906 Fl.
371 2881 392 2911 f)
415 2882 446 2910 is,
466 2889 504 2910 as,
524 2889 576 2912 que
595 2880 675 2905 decim
694 2879 719 2904 in
739 2888 759 2904 c.
823 2878 852 2912 g)
874 2880 1053 2904 evacuabitur
1067 2878 1110 2903 ΓΙ.
1166 2879 1193 2905 li)
1214 2879 1248 2903 nic
1264 2878 1320 2904 Ι·Ἰ,,·
1340 2878 1447 2902 venalia
1466 2888 1486 2901 v.
1543 2879 1548 2901 i
1584 2882 1687 2901 sum-tvt
1711 2876 1752 2900 ΓΙ.

1554 2878 1561 2898 .ae
