2233 3252
447 196 510 226 ⁴282
737 196 913 223 GERHOHI
939 194 1171 222 PRAEPOSITI
1194 194 1600 222 REICHERSBERGENSIS
1624 194 1788 220 LIBELLI.

447 298 552 322 tentus
570 291 698 320 vineam
716 289 879 331 plantasse
896 288 1048 330 illamque
1066 288 1188 319 colonis
1207 288 1460 323 commendasse,
1487 287 1543 318 sed
1568 298 1624 328 pro
1649 286 1755 317 fructu
1780 286 1979 329 exquirendo
2004 287 2091 318 misit

447 344 573 374 nuntios
600 351 629 373 et
655 342 828 372 novissime
853 341 953 372 tilium
979 353 1081 379 suum,
1107 347 1139 372 et
1163 352 1234 371 011111
1260 341 1398 372 fructum
1423 352 1486 371 non
1512 339 1685 370 redderent
1709 339 1824 379 coloni,
1849 339 1980 370 tandem
2002 340 2092 371 venit

448 408 544 438 super
575 407 629 426 eos
660 395 827 429 iudicium,
860 400 894 425 ut
924 394 1025 425 malos
1056 394 1140 425 male
1172 394 1330 435 perderet,
1363 399 1394 424 et
1418 394 1545 423 vineam
1578 404 1669 423 suam
1699 392 1820 423 locaret
1851 392 2011 434 agricolis,
2037 393 2092 434 qui

448 449 620 480 redderent
646 449 674 478 ei
700 448 836 478 fructum
856 447 1055 489 temporibus
1080 448 1156 477 suis.
1194 446 1290 486 Quod
1313 452 1421 477 tamen
1438 446 1593 477 iudicium
1618 445 1678 476 hoc
1704 445 1931 487 exequendum
1947 451 2091 487 tempore

449 514 510 533 non
536 501 707 532 videbatur
738 500 978 531 mansuetudini
1010 500 1184 542 apostolice
1217 500 1430 535 discretionis,
1463 499 1596 529 forsitan
1629 498 1813 540 expectanti
1844 499 2093 540 oportunitatem
2112 510 2124 528 5

449 556 581 597 aptioris
617 555 780 596 temporis.
837 553 1028 584 Induximus
1066 554 1161 583 etiam
1198 553 1439 583 similitudinem
1471 552 1535 582 VH
1571 551 1735 591 tubarum,
1772 562 1855 593 quae
1892 551 1985 582 datae
2021 557 2094 582 sunt

301 622 427 647 atatam.
451 608 509 638 Vll
537 607 672 649 angelis,
698 613 729 638 et
753 606 783 637 V
800 606 894 637 tubas
920 606 961 637 ad
985 606 1178 637 movendam
1204 617 1345 647 pugnam
1372 611 1401 635 et
1426 604 1645 647 peragendam
1670 605 1840 635 victoriam
1865 605 1929 635 iam
1954 604 2093 635 ostendi-

324 676 428 694 xu.,..2·.›.
450 674 519 692 mus
545 661 711 696 cecinisse,
736 672 821 691 nune
847 666 954 690 autem
980 666 1072 690 sexta
1096 664 1231 690 canente
1256 664 1374 689 motam
1401 669 1470 689 esse
1488 669 1631 699 pugnam
1655 658 1738 688 inter
1754 657 1888 688 Balaam
1913 662 2009 699 atque
2034 658 2094 688 asi-

451 726 524 745 nam
550 713 608 744 sub
634 725 672 744 eo
697 725 851 755 pressam,
878 713 935 743 sed
958 712 1098 743 nondum
1124 717 1289 753 peractam
1310 712 1490 742 victoriam.
1530 710 1572 741 Et
1597 711 1674 752 quia
1696 710 1790 741 tubas
1815 711 1892 741 istas
1917 710 2094 741 secundum

452 767 596 798 ordinem
629 767 786 797 donorum
815 767 916 797 saneti
943 766 1082 807 Spiritus
1114 765 1333 796 ordinavimus
1359 775 1395 794 ae
1420 764 1558 805 primam
1586 764 1712 805 spiritui
1737 764 1926 805 sapientiae,
1951 763 2095 794 ultimam
2115 775 2139 794 ιο

452 821 577 862 spiritui
605 820 728 850 timoris
753 820 999 861 assignavimus,
1025 818 1181 860 quosdam
1207 817 1408 848 dominorum
1434 816 1646 847 cardinalium
1678 822 1749 858 post
1780 822 1946 858 peractum
1978 827 2095 847 sermo-

301 888 431 906 E=·c1.1.1·:.
453 885 524 904 110111
556 879 699 903 nostrum
731 873 949 914 persensimus
981 872 1154 905 ammirari,
1187 870 1271 912 quod
1305 882 1377 901 cum
1409 871 1535 900 initium
1568 870 1745 911 sapientiae
1771 870 1811 900 sit
1834 870 1929 900 timor
1952 869 2095 909 Domini,

453 938 509 957 nos
541 927 573 956 in
604 927 764 968 principio
795 925 906 956 tubam
938 925 1125 967 sapientiae,
1157 923 1269 954 tubam
1292 935 1368 954 vero
1400 924 1522 954 timoris
1547 923 1679 953 Domini
1711 922 1930 953 ordinavimus
1961 923 1994 953 in
2021 922 2096 953 fine.

454 979 585 1011 Ordinis
611 990 687 1021 ergo
712 979 806 1009 huius
831 990 961 1009 causam
988 978 1143 1008 reddituri
1168 978 1253 1007 eirca
1279 977 1374 1007 finem
1392 976 1486 1006 huius
1505 976 1651 1017 opusculi
1675 987 1694 1006 a
1719 976 1813 1006 dictis
1831 975 1969 1006 dicenda
1987 975 2097 1006 distin-

344 1048 433 1066 ·f.1·211.
453 1034 590 1073 guinms,
615 1039 649 1063 ut
676 1032 776 1074 ‘quod
801 1031 840 1062 de
866 1031 977 1062 ordine
995 1031 1151 1061 donorum
1172 1030 1275 1060 saneti
1293 1030 1422 1071 spiritus
1440 1029 1558 1060 dicturi
1582 1040 1700 1068 sumus,
1726 1030 1796 1071 ipso
1821 1028 1950 1060 afflante
1975 1029 2017 1060 sit
2040 1039 2098 1070 per
2118 1041 2141 1060 15

454 1098 487 1117 se
513 1087 604 1127 quasi
629 1085 755 1116 libellus
781 1085 819 1115 de
846 1085 957 1115 ordine
983 1084 1138 1114 donorum
1164 1083 1265 1113 sancti
1291 1083 1421 1124 spiritus
1446 1082 1635 1113 intitulatus.

352 1216 433 1233 anm.
563 1201 632 1231 *Da
657 1201 796 1239 veniam,
821 1199 930 1232 100101,
957 1200 981 1229 51
1008 1199 1171 1240 paulisper
1194 1198 1246 1228 1110
1271 1199 1487 1236 immoremur,
1509 1198 1670 1239 quoniam,
1695 1208 1767 1228 cum
1792 1197 1897 1228 trahat
1914 1208 1972 1228 sua
1988 1208 2096 1239 quem-

455 1266 517 1296 que
538 1254 685 1295 voluptas
698 1256 717 1289 1,
742 1264 800 1283 nos
825 1264 952 1294 quoque
977 1252 1019 1282 ad
1043 1252 1102 1282 hoc
1126 1251 1292 1287 trahimur,
1318 1256 1351 1281 ut
1376 1262 1416 1281 ex
1442 1251 1612 1281 occasione
1636 1251 1795 1292 presentis
1820 1250 2008 1289 collationis,
2034 1261 2097 1292 qua

456 1307 539 1337 diem
566 1312 711 1348 quartam
737 1312 768 1336 et
793 1311 909 1336 etatem
936 1310 1081 1347 quartam
1107 1304 1310 1343 conferimus,
1344 1304 1466 1346 aliquid
1491 1304 1530 1334 de
1556 1303 1736 1335 sacerdotio
1762 1309 1793 1334 et
1817 1314 1916 1345 regno
1942 1303 2096 1344 dieamus,
2116 1316 2141 1334 20

457 1360 591 1390 fortasse
617 1366 742 1401 gratum
766 1358 959 1400 legentibus,
984 1359 1124 1388 maxime
1150 1358 1204 1399 qui
1229 1357 1401 1388 sacerdotii
1419 1357 1556 1398 diligunt
1581 1357 1744 1396 honorem,
1770 1357 1821 1387 cui
1847 1357 1893 1387 sic
1917 1356 2097 1387 iudicamus

458 1412 712 1454 postlemnendam
746 1418 775 1442 et
807 1411 1052 1453 subponendam
1084 1410 1202 1451 regalis
1237 1410 1366 1441 1101111115
1398 1409 1633 1452 quantamlibet
1666 1409 1904 1449 excellentiam,
1938 1409 2097 1451 quomodo

458 1466 563 1496 lunam
596 1470 722 1496 constat
753 1465 809 1495 soli
843 1464 1041 1506 subpositam
1066 1469 1097 1494 et
1120 1475 1226 1505 neque.
1257 1464 1290 1494 in
1321 1463 1491 1505 splendore
1522 1474 1628 1505 neque
1660 1463 1692 1493 in
1722 1462 1908 1494 fortitudine
1940 1462 2097 1494 ullatenus

280 1535 437 1554 censui-120.
458 1518 696 1555 conferendam,
729 1518 785 1549 sed
817 1517 1008 1549 omnimodis
1040 1517 1305 1559 posthabendam.
1353 1516 1560 1547 Pensandum
1585 1528 1672 1553 vero,
1699 1516 1784 1558 quod
1809 1528 1882 1547 cum
1907 1516 2003 1547 solius
2035 1516 2098 1547 diei

458 1578 590 1613 quartae
616 1583 713 1613 opera
739 1572 801 1601 sint
827 1571 872 1601 sol
898 1576 927 1601 et
952 1570 1025 1601 luna
1051 1576 1081 1601 et
1106 1570 1226 1607 stellae,
1258 1576 1364 1600 tamen
1397 1570 1442 1600 510
1474 1569 1560 1600 facta
1590 1569 1740 1611 leguntur
1770 1569 1829 1600 hec
1860 1569 2040 1609 luminaria,
2064 1574 2099 1600 ut
2117 1580 2141 1600 25

458 1625 520 1655 sint
552 1625 582 1654 in
609 1625 749 1655 omnium
775 1630 893 1654 etatum
925 1630 1070 1665 tempora
1102 1624 1194 1664 signa
1224 1624 1403 1653 certissima
1428 1623 1513 1653 diem
1538 1634 1575 1653 ac
1600 1628 1728 1653 noctem
1753 1622 1940 1661 dividentia,
1971 1633 2097 1653 menses

459 1686 489 1708 et
514 1689 614 1708 annos
639 1677 809 1707 limitantia
833 1682 863 1707 et
888 1677 1016 1707 omnino
1042 1682 1166 1718 teinpus
1192 1688 1284 1707 omne
1310 1688 1366 1707 suo
1392 1688 1487 1707 cursu
1512 1682 1543 1707 et
1567 1687 1699 1707 recursu
1723 1675 1904 1715 formantia,
1937 1676 1982 1706 510
2006 1676 2098 1706 nimi-

459 1742 537 1763 rum,
570 1730 644 1761 lieet
676 1731 707 1760 in
733 1730 798 1760 sola
825 1735 937 1771 quarta
970 1730 1079 1760 mundi
1112 1735 1195 1760 etate
1227 1729 1374 1760 fulserint
1403 1735 1434 1760 et
1463 1729 1680 1760 sacerdotium
1704 1729 1885 1760 Leviticum
1910 1734 1941 1760 et
1964 1740 2099 1770 regnum

349 1798 439 1816 aziza.
460 1783 666 1817 Davidienm,
692 1784 843 1825 quoniam
868 1788 942 1813 ante
968 1783 1226 1813 constitutionem
1258 1783 1349 1824 regni
1375 1782 1548 1813 *Davidiei
1573 1783 1665 1824 quasi
1691 1782 1846 1813 obscurus
1870 1782 1976 1812 fuerat
1999 1782 2100 1813 honor

459 1836 629 1867 sacerdotii
650 1836 796 1871 Levitiei,
822 1842 930 1866 tamen
955 1835 995 1866 ab
1013 1836 1103 1866 initio
1120 1835 1231 1866 mundi
1249 1836 1356 1866 omnia
1375 1840 1521 1877 tempora
1545 1835 1657 1866 mundi
1681 1846 1782 1877 usque
1807 1836 1840 1865 in
1863 1835 1964 1877 ipsius
1988 1834 2099 1866 mundi
2118 1847 2142 1866 30

458 1890 554 1920 tinem
587 1889 738 1919 decorata
770 1895 801 1919 et
832 1889 1002 1919 informata
1034 1900 1090 1919 seu
1123 1888 1307 1919 decoranda
1338 1894 1369 1919 et
1400 1889 1605 1919 informanda
1636 1893 1709 1919 sunt
1738 1900 1797 1930 per
1824 1888 1907 1919 hanc
1938 1888 2099 1930 geminam

461 1949 660 1984 potestatem,
686 1943 730 1973 ita
747 1948 781 1972 ut
798 1942 1067 1983 quemadmodum
1093 1942 1138 1972 sol
1163 1942 1281 1981 lunamy
1307 1953 1371 1972 non
1388 1941 1518 1983 quidem
1543 1953 1562 1972 a
1586 1942 1759 1983 semetipsa
1782 1941 1952 1981 lucentem,
1978 1941 2035 1972 sed
2059 1940 2098 1972 ab

460 1997 528 2037 ipso
558 1996 666 2026 lumen
698 2007 789 2025 suum
822 2000 1029 2030 mutuantem,
1062 1995 1107 2025 sie
1140 1995 1349 2025 sacerdotalis
1382 1995 1521 2036 dignitas
1546 1994 1688 2036 regalem
1713 1994 1885 2025 antecellat
1909 2005 2099 2036 semperque

460 2048 650 2079 antecellere
684 2048 801 2079 debeat
831 2048 1117 2079 h<›noi-ificentiam,
1150 2059 1212 2078 non
1244 2048 1346 2087 aliter,
1373 2060 1468 2089 quam
1501 2048 1673 2078 sacerdotii
1698 2048 1767 2078 veri
1799 2047 2023 2089 splendoribus
2054 2048 2099 2078 111-

460 2102 643 2132 tendentem
674 2101 829 2131 illustrem
862 2100 1053 2131 habendam.
1103 2102 1172 2140 Que
1205 2102 1353 2131 nimirum
1379 2102 1546 2142 utriusque
1578 2101 1745 2142 potestatis
1769 2100 1913 2142 legitima
1938 2105 1969 2131 et
1992 2101 2099 2131 incon·
2118 2111 2142 2132 ³5

460 2155 548 2185 vulsa
575 2154 737 2185 distinctio
763 2166 825 2184 non
850 2155 943 2184 unius
969 2155 1072 2188 etatis,
1106 2154 1205 2184 solum
1232 2160 1376 2196 quartae,
1409 2154 1466 2184 sed
1498 2155 1639 2184 omnium
1669 2159 1788 2184 etatum
1820 2153 1931 2184 mundi
1956 2165 2099 2196 compro-

357 2208 553 2240 -1-.12.1.bat11r
577 2208 768 2238 testimonio.
795 2232 801 2237 .
828 2232 833 2237 .
861 2231 866 2237 .
896 2207 1034 2245 ‘Quibus
1060 2207 1153 2237 dietis
1179 2207 1345 2238 evidenter
1372 2208 1524 2242 innuitur,
1551 2207 1636 2248 quod
1660 2218 1753 2248 reges
1783 2207 1900 2248 gladio,
1932 2206 1966 2238 id
1990 2212 2038 2238 est
2061 2206 2099 2237 (10

459 2261 557 2301 gladii
590 2261 764 2290 ministerio
790 2260 937 2290 viventes
970 2259 1089 2290 debent.
1120 2261 1240 2290 servire
1273 2260 1463 2299 sacerdotio,
1496 2260 1572 2290 licet
1598 2271 1683 2290 nunc
1708 2259 1763 2291 fiat
1788 2271 1804 2291 e
1830 2260 1999 2300 contrario,
2025 2260 2099 2291 dum

460 2313 643 2344 sacerdotes
669 2312 798 2353 regibus
824 2313 964 2343 hominio
990 2312 1178 2349 subduntur,
1205 2319 1236 2343 et
1260 2313 1481 2344 sacerdotibus
1506 2324 1600 2354 reges
1625 2324 1682 2355 pro
1707 2312 1797 2344 libito
1823 2324 1879 2344 suo
1897 2312 2098 2344 damnantur.

291 2366 529 2411 xi»..2i'1:7‚21.N⁴'¹¹
563 2367 608 2396 510
640 2366 699 2396 fuit
729 2365 788 2396 sul»
814 2366 918 2407 Moysi
950 2372 1102 2407 tempore,
1136 2366 1264 2407 quando
1294 2367 1387 2397 105110
1419 2366 1510 2397 ducis
1540 2366 1591 2397 vel
1623 2367 1708 2407 regis
1740 2366 1881 2397 officium
1913 2377 2013 2408 agens
2043 2377 2101 2408 per
2117 2377 2142 2396 40

461 2417 594 2461 Moysen
619 2420 722 2449 iussus
749 2424 795 2449 051
820 2419 976 2449 Eleazaro
1006 2419 1163 2449 sacerdoti
1198 2431 1254 2461 per
1278 2420 1385 2449 omnia
1410 2419 1541 2450 obedire
1567 2424 1662 2461 atque
1687 2419 1728 2450 ad
1753 2419 1836 2450 illius
1861 2419 2030 2461 imperium
2054 2419 2099 2449 in-

459 2472 551 2513 gredi
583 2478 611 2502 et
644 2472 764 2511 egredi.
819 2472 890 2502 Non
928 2472 972 2501 sie
1008 2472 1067 2502 fuit
1102 2473 1133 2502 in
1166 2478 1308 2513 tempore
1342 2472 1500 2503 Samuelis
1533 2483 1625 2513 reges
1656 2473 1805 2514 ponentis
1838 2477 1868 2503 et
1899 2472 2098 2514 deponentis.

459 2524 650 2563 Zorobabel,
677 2525 758 2555 tilius
777 2524 941 2563 salathiel,
967 2524 1007 2555 110
1034 2525 1122 2563 regia
1147 2525 1232 2555 tribu
1249 2525 1450 2556 descendens
1476 2526 1626 2567 regisque
1648 2525 1700 2556 vel
1725 2525 1816 2556 ducis
1842 2525 1983 2556 officium
2001 2535 2099 2566 agens

460 2590 517 2619 per
541 2589 574 2607 sc
600 2577 697 2608 nichil
722 2578 927 2619 presumpsit,
953 2577 1010 2607 5011
1037 2578 1108 2608 lesu
1133 2579 1241 2619 magni
1266 2578 1442 2609 sacerdotis
1467 2590 1505 2609 ac
1526 2578 1755 2620 prophetarum
1780 2590 1836 2609 suo
1861 2583 2005 2620 tempore
2029 2589 2099 2620 pro-

461 2631 659 2672 plwtantium
692 2642 748 2672 per
773 2631 879 2661 onmia
904 2630 1144 2672 exsequebatur
1168 2631 1364 2662 mandatum.
1413 2630 1606 2662 Christianis
1638 2632 1735 2662 etiam
1765 2631 1963 2673 temporibus
1995 2630 2098 2662 adhue
2116 2640 2140 2660 45

460 2683 518 2714 sub
544 2683 673 2724 regibus
699 2684 833 2725 paganis
865 2683 1023 2714 aecclesia¹
1055 2684 1265 2725 periclitante,
1298 2690 1405 2715 tamen
1437 2684 1621 2715 sacerdotes
1652 2690 1741 2715 tanta
1764 2683 1982 2726 fungebantur
2005 2683 2098 2714 liber-

459 2743 535 2771 tate,
561 2743 593 2766 ut
618 2736 734 2766 nullius
766 2748 906 2777 unquam
939 2737 1064 2778 tyranni
1098 2737 1238 2767 edietum
1271 2737 1454 2768 sacerdotes
1481 2737 1599 2768 Christi
1633 2738 1840 2779 compelleret
1871 2737 1912 2768 ad
1942 2736 2098 2768 militandi

572 2857 597 2881 1»
624 2856 702 2891 Verq.
731 2855 791 2882 Evl.
818 2855 857 2887 Il,
884 2855 940 2881 65:
967 2856 1052 2881 trahit
1077 2866 1127 2882 sua
1151 2866 1289 2891 quemque
1315 2858 1454 2892 voluptas.
