2233 3252
453 212 512 241 394
741 212 918 239 GERHoHI
943 210 1172 237 PRAEPOSITI
1197 208 1603 236 REICHERSBERGENSIS
1628 208 1792 234 LIBELLI.

286 323 430 341 nantuato.
454 309 541 338 iuxta
566 306 732 337 consilinm
758 304 968 346 ap‹j›stolicuin
997 303 1117 334 honore
1146 303 1285 333 invicem
1310 302 1519 344 prevenirent
1543 306 1574 331 et
1598 300 1679 331 alter
1702 300 1793 331 alteri
1824 305 1987 342 tamquam
2011 300 2096 331 filius

453 360 534 402 patri
559 359 735 390 deserviret
761 364 856 399 atque
882 357 934 387 ille
959 368 1054 387 versa
1077 357 1149 387 viee
1174 356 1278 397 ipsum
1303 361 1467 396 tamquam
1492 353 1591 384 filium
1616 353 1741 384 foveret
1765 364 1803 384 ac
1828 352 1978 395 diligeret
2001 353 2095 395 eique

452 422 613 454 tamquam
638 411 702 441 tilio
728 411 861 449 gloriam
887 415 917 440 ct
942 410 1095 440 honorem
1127 409 1361 440 thesaurizaret
1385 413 1416 438 et
1441 411 1525 437 esset
1548 417 1614 448 pax
1642 406 1727 436 inter
1750 405 1830 437 duos
1858 405 1939 445 illos,
1971 406 2054 437 sicut
2077 417 2097 436 a

297 481 431 500 manans,
453 465 606 507 prophma
639 464 798 494 Zacharia
828 463 1009 504 predictum
1041 468 1099 493 est.
1154 462 1208 492 Sic
1241 459 1613 501 Constantii]cpolitanus
1644 459 1820 500 imperator
1851 464 1882 490 et
1911 458 2097 500 patriarcha

453 519 570 548 honore
597 528 629 547 se
654 517 792 547 invicem
811 516 1013 557 preveniunt,
1039 516 1092 557 qui
1118 515 1193 545 dum
1219 513 1280 544 sibi
1304 514 1467 544 invicem³
1491 512 1640 543 sedentes
1665 512 1757 554 equis
1781 512 1862 543 forte
1887 512 2095 551 occurrerint,
2116 523 2129 542 5

452 570 545 601 ambo
577 570 618 600 ad
645 577 745 600 terras
770 568 971 599 descendunt
996 579 1132 609 eumque
1159 578 1192 598 se
1217 573 1346 597 mutuae
1371 566 1515 597 caritatis
1540 565 1646 596 officio
1672 564 1891 605 salutaverint,
1916 565 2096 596 reascensis

453 624 541 665 cquis
567 623 692 664 utrique
718 622 802 652 viam
829 621 1021 652 destinatam
1046 626 1184 662 pergunt
1208 625 1240 650 et
1264 625 1312 650 est
1335 630 1400 660 pax
1425 624 1522 660 atque
1547 618 1664 649 caritas
1688 618 1772 649 inter
1796 629 1860 649 eos.

1082 710 1131 739 73.
1167 707 1459 750 Appologesis.

559 773 623 804 Sed
657 772 742 803 dicet
774 771 849 802 mihi
881 772 961 801 forte
994 771 1170 812 quispiam:
1204 770 1309 809 ί(ὶιιίε,
1342 768 1446 810 qualis
1471 768 1522 799 vel
1548 773 1685 810 quantus
1717 779 1751 798 es
1782 774 1830 808 tu,
1861 774 1896 799 ut
1925 767 2096 799 scribendo

453 827 583 857 summis
608 834 637 856 tc
662 825 758 856 rebus
783 825 915 860 inseras,
942 829 971 854 ct
997 823 1089 865 quasi
1114 822 1332 853 consiliarium
1356 827 1386 852 te
1411 826 1520 852 tantae
1544 821 1704 852 maiestati
1730 822 1916 863 interponas
1941 827 1995 852 aut
2019 821 2097 863 quid
2118 834 2143 853 ιο

328 895 431 915 ι·ς.τ-.»,-.·.
453 880 493 910 ad
518 886 547 909 te
573 879 720 920 pertinet,
752 889 791 908 nc
823 877 904 907 forte
937 877 1034 907 etiam
1066 876 1098 906 in
1124 875 1228 906 celum
1253 886 1287 905 os
1311 881 1401 906 tuum
1425 874 1552 916 ponas?
1599 874 1682 905 Nam
1708 879 1739 905 et
1762 874 1926 905 Romanus
1950 874 2097 916 pontifex

345 946 432 969 mmo.
453 938 575 963 tantum
608 931 675 962 celo
705 930 810 970 debet,
840 936 874 960 ut
905 930 1004 968 aiunt,
1036 929 1251 959 innocentiam
1284 934 1314 959 et
1345 928 1554 969 imperatoria
1581 928 1745 958 ‘maiestas
1777 927 1849 959 talis
1880 927 2097 959 homuntionis

453 985 600 1016 adiuvari
625 984 757 1015 consilio
783 982 999 1024 dedignatur'.

559 1037 611 1068 Ad
636 1037 721 1079 quod
746 1036 864 1067 audiat.

561 1090 706 1125 *Niehil',
732 1090 852 1131 inquio,
871 1089 931 1119 ‘vel
956 1100 1069 1130 parum
1094 1088 1135 1118 ad
1155 1099 1205 1118 me
1230 1088 1407 1130 pertineret
1430 1088 1518 1130 loqui
1541 1087 1581 1118 de
1599 1087 1782 1118 huiusmodi
1806 1088 1858 1118 vel
1882 1088 2046 1130 conqueri,
2072 1089 2098 1119 si
2120 1100 2145 1118 15

455 1156 517 1175 non
550 1143 702 1174 seandala
732 1143 842 1173 talium
875 1143 1043 1173 occasione
1075 1141 1206 1172 suborta
1235 1140 1403 1172 turbarent
1433 1152 1470 1171 ac
1502 1140 1686 1172 scinderent
1716 1140 1897 1181 ecclesiam,
1923 1141 2013 1172 cuius
2038 1153 2098 1183 ego

456 1197 632 1228 membrum
658 1197 717 1227 etsi
742 1196 884 1226 infimum
902 1207 939 1226 ac
957 1194 1154 1236 despicabile
1173 1199 1204 1225 et
1220 1206 1289 1225 sum
1308 1199 1338 1225 et
1356 1205 1425 1225 esse
1444 1194 1548 1236 cupio.
1587 1193 1651 1233 Qui
1668 1193 1744 1224 dum
1764 1194 1848 1225 inter
1865 1194 1963 1225 ovilia
1979 1193 2099 1225 Christi

457 1250 542 1281 velut
560 1249 685 1280 ovicula
703 1249 828 1279 infirma
842 1248 1005 1285 delitesco,
1023 1247 1205 1289 pastoribus
1222 1248 1312 1287 meis,
1330 1246 1513 1289 pastoribus
1531 1247 1709 1278 animarum
1727 1252 1822 1289 atque
1841 1259 2011 1289 corporum
2027 1253 2100 1290 post

457 1303 618 1334 Christum
645 1303 775 1333 summis
800 1302 939 1332 invicem
956 1313 1013 1343 pro
1031 1301 1115 1331 fastu
1132 1300 1183 1331 vel
1202 1306 1315 1342 questu
1333 1299 1593 1331 conflictantibus
1610 1300 1986 1342 taliqueconflictatione
2005 1312 2098 1332 occu-

456 1357 538 1398 patis
564 1363 658 1397 atque
684 1355 758 1386 hinc
783 1354 857 1385 inde
882 1360 953 1396 post
978 1366 1011 1385 se
1035 1353 1146 1385 turbas
1163 1353 1353 1395 populorum
1373 1353 1585 1393 trahentibus,
1610 1365 1670 1395 ego
1694 1354 1821 1384 interim
1845 1353 1931 1384 mille
1948 1353 2099 1396 periculis
2119 1367 2146 1385 20

284 1415 436 1451 „umffisszffiffh
458 1410 621 1451 expositus
647 1420 725 1439 suni.
762 1407 955 1438 Dicentibus
980 1418 1117 1449 namque
1143 1407 1212 1437 aliis
1237 1412 1333 1449 atque
1351 1407 1438 1437 aliis:
1463 1407 1534 1448 Ego
1559 1418 1630 1437 sum
1647 1406 1794 1438 Christus
1818 1412 1850 1438 et
1874 1418 1950 1438 ecce
1975 1407 2028 1438 hic
2052 1412 2101 1438 est

458 1462 603 1493 Christus
629 1468 682 1492 ant
708 1472 783 1492 ecee
808 1460 883 1501 illie,
909 1472 984 1491 eece
1010 1461 1060 1491 hic
1085 1472 1171 1502 papa
1194 1466 1224 1490 ct
1249 1459 1388 1491 ecclesia
1412 1465 1466 1491 aut
1491 1471 1567 1491 ecce
1592 1459 1657 1490 illic
1682 1466 1736 1490 aut
1760 1465 1846 1491 certe
1864 1471 1969 1502 neque
1986 1460 2048 1500 hic,
2066 1465 2101 1491 ut

458 1516 556 1549 aiunt,
582 1514 758 1556 apost‹j›lica
775 1514 897 1556 puritas
915 1520 963 1544 est
980 1525 1083 1555 neque
1101 1513 1175 1553 illic,
1194 1533 1235 1535 —
1253 1524 1327 1544 nam
1344 1513 1414 1553 iste,
1440 1514 1538 1553 aiunt,
1564 1524 1622 1555 per
1639 1514 1958 1555 compromissionem
1982 1525 2100 1544 novam

459 1580 515 1599 seu
540 1568 808 1609 eonsl‘drationem
840 1567 983 1608 iniquam
1015 1567 1152 1608 irrepsit,
1184 1566 1236 1597 ille
1261 1577 1338 1597 vero
1363 1566 1522 1597 violentus
1548 1567 1678 1608 irrupit:
1705 1577 1765 1608 ego
1790 1566 1865 1597 dum
1889 1567 1973 1597 inter
1995 1566 2100 1598 multi-

459 1621 585 1652 tudines
611 1628 773 1662 pastorum
799 1620 1022 1651 dissidentium
1048 1620 1179 1661 ignarus
1196 1620 1340 1650 veritatis
1365 1619 1454 1650 velut
1478 1620 1547 1650 ovis
1573 1619 1757 1651 errabunda
1781 1619 1924 1651 discurro
1949 1619 2100 1651 facillime
2120 1632 2146 1651 25

460 1675 524 1716 lupi
551 1674 662 1704 dentes
687 1680 742 1704 aut
765 1673 901 1704 cultrum
926 1673 1004 1703 furis
1028 1672 1200 1703 mactanda
1231 1673 1359 1704 incurro
1385 1678 1416 1703 et
1439 1672 1596 1704 incumbit
1625 1673 1703 1704 mihi
1734 1672 1923 1714 periculum,
1954 1684 1994 1704 ne
2019 1673 2100 1704 forte

342 1742 396 1759 125»
407 1741 439 1759 ρο.
460 1739 516 1769 pro
541 1728 675 1757 veritate
701 1727 871 1757 falsitatem
896 1727 1055 1767 recipiens
1080 1726 1297 1757 maledictioni
1323 1725 1509 1756 subiaceam
1534 1725 1687 1756 dicentis:
1718 1726 1757 1757 Vc
1782 1728 1840 1768 qui
1861 1727 1969 1758 dicunt
1991 1727 2100 1758 bonum

463 1782 574 1811 mulam
601 1788 627 1811 ω*
652 1781 764 1810 mulum
791 1781 911 1813 hunam,
936 1787 1085 1821 ponentes
1110 1780 1206 1810 lucem,
1231 1781 1370 1810 tenebras
1394 1786 1420 1811 et
1443 1780 1582 1811 tenebras
1607 1780 1714 1819 lucem,
1739 1780 1828 1811 dulce
1854 1781 1884 1811 ιή
1909 1792 2052 1811 antarum
2076 1787 2104 1811 et

461 1847 601 1864 annm-nm
629 1835 658 1864 [11
685 1834 781 1863 (lusce.
833 1833 871 1863 Et
895 1832 954 1863 hee
980 1838 1051 1863 sunt
1076 1843 1138 1874 que
1162 1832 1239 1863 mihi
1270 1832 1422 1874 loquendi
1454 1833 1681 1863 necessitatem
1705 1832 1851 1863 indicunt
1875 1833 1971 1863 etiam
1995 1837 2103 1874 preter

462 1887 541 1926 illas,
567 1898 628 1928 quc
654 1886 853 1916 extrinsecus
885 1891 966 1925 sunt,
998 1884 1091 1916 nobis
1122 1886 1363 1926 persecutiones
1394 1886 1597 1916 imminentes
1629 1896 1728 1916 causa
1757 1886 1924 1926 scismatis,
1950 1885 2035 1927 quod
2061 1897 2103 1916 ex
2122 1898 2148 1917 30

463 1940 630 1970 occasione
663 1938 871 1969 dissensionis
903 1950 1097 1968 summarum
1129 1943 1333 1980 potestatum,
1365 1938 1537 1970 sacerdotii
1562 1938 1715 1970 videlicet
1745 1950 1783 1970 ac
1814 1939 1905 1980 regni
1936 1938 2102 1970 subortum

463 1999 519 2023 cst.
567 1992 661 2023 Unde
689 1991 920 2033 ignoscendum
944 1991 1022 2022 mihi
1046 1996 1133 2032 pum,
1159 1992 1194 2031 si,
1220 1992 1332 2022 saltem
1356 2003 1414 2033 pro
1438 2003 1529 2023 meae
1553 2003 1711 2034 personae
1736 1991 1891 2034 spirituali
1916 1992 1966 2023 vel
1991 2003 2102 2034 corpo-

463 2045 520 2075 rali
547 2045 697 2086 periculo,
722 2044 863 2075 balatum
889 2044 1015 2075 dedisse
1040 2044 1177 2075 vidcar⁷.

393 2150 442 2165 mor.
496 2135 545 2163 74.
583 2133 874 2174 Digresshinis
900 2133 1119 2163 excusatio
1144 2138 1181 2163 et
1205 2134 1500 2175 premissorum
1525 2133 1573 2164 ad
1598 2134 1770 2164 materie
1795 2134 2071 2164 intentionem

1179 2186 1378 2217 reductio.
2124 2198 2150 2217 3⁶

570 2248 677 2278 Potest
709 2254 815 2277 autem
847 2248 929 2277 inter
953 2247 1109 2278 eiusmodi
1141 2248 1411 2289 pseudochristos,
1436 2248 1547 2290 quales
1572 2260 1657 2280 nnnc
1685 2248 1800 2280 multos
1824 2249 1972 2291 patimur,
1998 2254 2029 2280 et
2052 2249 2102 2280 ille

288 2316 443 2337 uxi-nvffizsi.
464 2301 546 2331 tilius
572 2300 759 2342 perditionis
776 2301 886 2330 venire
911 2311 949 2331 ac
974 2300 1121 2340 revelari,
1147 2302 1201 2342 qui
1226 2301 1416 2332 adversatur
1434 2307 1465 2332 et
1481 2301 1645 2333 extollitur
1661 2313 1759 2344 supra
1775 2313 1868 2333 omne
1886 2301 1971 2344 quod
1989 2301 2106 2334 dieitur

467 2354 554 2383 heus
586 2360 638 2383 aut
671 2353 755 2394 quod
787 2353 910 2393 colitur,
943 2354 987 2383 ita
1017 2359 1052 2384 ut
1082 2354 1113 2383 in
1139 2354 1257 2395 templo
1282 2354 1345 2385 Dei
1370 2355 1491 2393 sedeat,
1517 2355 1604 2397 quod
1628 2360 1676 2386 est
1700 2355 1848 2395 ecclesia,
1874 2355 2046 2386 ostendens
2071 2366 2103 2386 se

291 2411 445 2451 „aust-4¹3·
466 2414 625 2447 tamquam
652 2407 691 2436 sit
719 2407 806 2437 licus
831 2406 941 2447 sicque
966 2406 1162 2438 abominatio
1188 2407 1394 2438 desolationis
1420 2413 1481 2439 stet
1505 2408 1537 2438 in
1561 2408 1631 2439 loco
1656 2413 1777 2439 sancto.
1824 2408 1868 2439 Et
1890 2413 2022 2450 propter
2044 2408 2104 2439 hoc

466 2460 567 2499 magis
593 2458 723 2489 cuilibet
748 2459 921 2490 christiano
946 2459 1123 2490 timendum
1148 2466 1205 2499 cst,
1236 2472 1276 2490 nc
1301 2460 1381 2491 forte
1406 2461 1490 2492 inter
1513 2461 1592 2492 tales
1617 2461 1889 2504 pseudochristos,
1921 2461 2105 2493 sacerdotes
2123 2472 2150 2491 40

330 2527 437 2546 1..i,..·„122
467 2512 616 2542 videlieet
641 2523 678 2542 ac
702 2523 794 2550 reges
820 2512 946 2542 Christo
972 2512 1152 2551 dissimiles,
1179 2514 1275 2543 ctiam
1299 2514 1387 2544 illum
1412 2515 1557 2556 recipiat,
1583 2514 1623 2545 (le
1648 2526 1710 2557 quo
1735 2515 1780 2545 ait
1803 2514 1979 2545 Dominus:
2010 2515 2106 2545 Alius

469 2567 564 2595 venir!
596 2566 625 2595 ίη
660 2567 779 2595 ,maim
809 2578 874 2604 mm,
907 2566 994 2595 illum
1027 2567 1197 2607 accipietis:
1246 2566 1373 2597 Etenim
1398 2573 1433 2598 ut
1457 2568 1488 2597 in
1512 2568 1676 2609 premissis
1708 2567 1946 2598 habundantius
1971 2579 1990 2598 a
2012 2566 2105 2598 nobis

468 2618 691 2657 inm-stigatum
718 2624 774 2651 cst,
806 2625 951 2659 tempora
983 2629 1039 2659 per
1064 2630 1191 2649 cesares
1216 2619 1376 2650 Romanos
1408 2620 1493 2651 illate
1524 2621 1759 2662 persecutionis
1791 2626 1822 2651 et
1853 2621 1987 2651 martirii
2018 2625 2105 2651 recte

481 2670 655 2701 {abilonicc
681 2670 802 2701 fornaci
829 2670 1044 2710 conferuntur,
1070 2672 1101 2701 in
1127 2683 1190 2713 qua
1214 2676 1277 2702 trcs
1302 2673 1393 2714 pueri
1417 2678 1570 2715 tanquam
1595 2673 1762 2704 Trinitatis
1787 2673 1925 2704 cultores
1948 2679 2105 2715 martyres

469 2724 554 2754 missi
581 2730 662 2762 sunt,
694 2723 812 2764 templo
837 2723 923 2765 quod
948 2730 1015 2754 erat
1040 2724 1233 2755 Icrosolimis
1263 2730 1337 2756 tunc
1366 2726 1433 2767 igni
1459 2726 1666 2768 conflagrato,
1698 2727 1781 2757 sicut
1805 2738 1916 2757 verum
1942 2731 1973 2757 ct
1996 2726 2104 2756 vivum
2124 2735 2149 2754 45

472 2777 530 2806 Dei
563 2776 724 2817 templum,
755 2776 839 2817 quod
871 2782 918 2807 cst
950 2776 1097 2816 ecelesia,
1130 2777 1203 2818 igne
1235 2777 1448 2809 tribulationis
1480 2780 1665 2810 examinata
1688 2784 1746 2810 est.
1793 2779 1955 2820 Tempora
1979 2789 2105 2821 quoque

575 2884 599 2899 a!
623 2877 647 2899 in
671 2877 728 2900 vii-e
749 2886 767 2899 ν,
