2233 3252
268 324 426 343 :MacchAssuz

353 377 423 395 ii·.1:t.

299 1431 370 1451 Exud.
380 1434 398 1452 2,
409 1434 427 1450 δ.

308 1485 356 1504 Iud.
367 1487 398 1507 h,
409 1486 427 1503 1.

308 1591 337 1609 ih.
349 1592 371 1609 13
380 1597 428 1614 sqq.

300 1803 377 1822 nauh.
384 1804 402 1822 -1,
409 1804 428 1821 9.

284 1856 429 1878 1.12«h.5,1‘.‘·.

447 215 508 244 3⁵22
737 216 913 243 GERHOHI
938 215 1170 242 PRAEPOSITI
1194 213 1600 242 REICHERSBERGENSIS
1624 213 1788 240 LIBELLI.

445 310 558 340 macho
584 310 690 339 fratre.
728 309 864 339 Rursum
883 308 1050 339 Menelaus
1075 308 1290 339 sacerdotium
1315 307 1497 338 reambiens
1522 317 1622 337 aurea
1646 305 1786 348 quedam
1802 317 1891 346 vasa,
1909 317 1992 348 quae
2009 306 2093 337 fura-

445 372 493 393 tus
526 363 627 393 fuerat
659 363 691 392 in
716 361 845 403 templo,
874 361 963 392 dedit
987 361 1186 392 Andronico,
1234 361 1297 391 Pro
1330 372 1393 402 qua
1424 371 1457 390 re
1489 359 1565 390 (111111
1597 364 1787 399 argueretur
1818 358 1858 389 ab
1884 358 1979 398 Onia,
2001 358 2094 390 *dedit

445 415 612 445 eonsilium
637 414 834 447 Andronico.
860 423 1019 456 quatenus
1045 415 1162 445 Oniam
1188 413 1392 451 interficeret,
1423 413 1534 454 sicque
1559 412 1680 442 factum
1705 416 1762 451 est,
1789 417 1820 442 et
1843 411 2012 442 Menelaus
2036 423 2095 453 per

445 468 693 498 fraudulentiam
723 467 817 498 simul
848 474 879 497 et
903 467 1090 498 violentiam
1121 468 1153 497 in
1179 472 1335 508 potestate
1368 465 1553 507 permansit.
1601 465 1645 495 Et
1674 464 1735 495 hec
1766 465 1867 495 tercia
1898 464 2017 506 templo
2048 464 2095 495 illi

444 521 627 551 manufacto
659 520 821 551 tribulatio
854 520 922 550 fuit.
971 519 1032 551 Cui
1064 520 1110 551 rei
1142 520 1219 550 mihi
1245 519 1347 549 simile
1373 518 1501 548 videtur
1524 517 1603 548 illud
1627 516 1756 556 malum,
1783 517 1869 558 quod
1893 518 1970 548 item
1993 518 2094 548 tercio

444 574 524 606 locov
554 581 625 614 post
650 584 687 603 ea
713 584 796 615 quae
821 573 988 614 praedicta
1012 578 1094 606 sunt.
1125 574 1157 603 in
1183 572 1321 603 ecclesia
1347 578 1376 601 et
1402 577 1513 601 contra
1539 570 1711 601 ecclesiam
1735 570 1800 600 Dei
1825 570 1952 601 actitari
1974 570 2094 601 machi-

446 634 541 657 nante
566 625 695 657 diabolo
721 627 816 668 cepit.

449 726 496 754 16.
532 724 589 754 Dc
615 729 726 754 statu
752 722 936 754 ecclesie
962 722 1220 765 temporibus
1242 722 1434 753 Hcinrici
1456 720 1588 759 Invi,
1612 719 1811 762 quomodo
1836 720 2095 762 temporibus

953 783 989 807 ct
1014 777 1120 807 actis
1145 775 1343 806 Antiochi
1369 779 1582 815 congruat.

552 838 727 880 Postquam
753 839 837 868 enim
862 849 921 879 per
941 844 1068 868 sanctos
1094 844 1124 868 et
1149 837 1287 868 illustres
1304 837 1390 867 viros
1417 836 1552 866 devictis
1577 834 1746 866 heresibus
1772 835 1911 866 ecelesia
1927 836 2096 867 victoriam

447 900 476 922 01
502 902 614 933 paceni
641 891 787 923 obtinuit.
813 902 884 921 cum
910 891 1037 921 interim
1063 902 1190 932 quoque
1216 890 1343 920 diviciis
1370 895 1399 919 et
1425 888 1599 919 honoribus
1623 887 1787 929 regalibus
1819 888 1933 919 eaden]
1958 888 2098 919 ecclesia

447 956 504 986 per
529 956 621 985 reges
647 951 678 974 et
701 945 864 986 principes
890 950 983 974 aucta
1009 943 1102 974 simul
1128 949 1158 973 et
1183 943 1345 973 cumulata
1370 948 1427 981 est,
1453 941 1703 972 ambiciosorum
1728 941 1909 983 pervicatia
1933 941 2026 983 quasi
2050 942 2096 972 in-

447 998 561 1027 testino
593 997 676 1027 bello
709 1008 780 1027 eam
808 1004 936 1027 vastare
968 998 1063 1038 cepit.
1120 996 1287 1038 Siquidem
1319 1002 1350 1026 ct
1381 1006 1474 1036 reges
1505 1006 1524 1025 a
1555 993 1754 1036 temporibus
1780 993 1888 1025 Caroli
1912 994 2025 1036 Magni
2055 1005 2097 1025 ex

448 1050 654 1080 eoiwcssione
687 1050 887 1091 quorundam
913 1050 1130 1080 Rolna11‹j=1·111n
1161 1049 1358 1091 pontificum,
1383 1047 1536 1078 videlicet
1559 1047 1679 1078 Leonis
1710 1047 1803 1078 tercii
1835 1053 1866 1078 et
1888 1046 2026 1078 Adriani
2050 1059 2097 1078 se-

448 1103 577 1135 01111611,
604 1102 896 1133 ecclesiasticarum
922 1102 981 1133 sibi
1008 1102 1199 1143 dignitatum
1224 1102 1430 1132 investituras
1447 1100 1667 1131 vendicabant
1692 1105 1723 1131 et
1746 1111 1882 1142 persepe
1907 1101 1939 1131 in
1960 1100 2099 1132 ecelesia

395 1169 427 1187 225.
448 1156 510 1186 Ite-i
535 1167 598 1186 non
623 1167 703 1197 quos
727 1155 856 1186 volebat
867 1161 890 1194 ³,
917 1155 973 1186 sed
998 1167 1076 1197 quos
1102 1155 1254 1186 volebant
1278 1155 1310 1185 in
1337 1153 1570 1196 episcopalium
1595 1153 1721 1184 sedium
1742 1154 1883 1195 *apicem
1909 1153 2098 1184 exaltabant

448 1214 478 1239 et
503 1220 582 1250 quos
607 1208 758 1239 volebant
783 1208 1004 1238 humiliabant.
1047 1208 1191 1247 Quorum
1215 1213 1323 1238 tamen
1348 1218 1461 1248 regum
1485 1206 1630 1237 nonnulli
1655 1207 1743 1238 circa
1767 1206 1861 1237 huius
1886 1206 1986 1238 cladis
2012 1208 2097 1249 prin—

448 1262 530 1303 cipia
557 1261 732 1291 modestius
757 1272 790 1292 se
815 1262 847 1291 in
871 1261 919 1291 his
945 1267 1040 1303 atque
1066 1262 1296 1302 temperantius
1329 1259 1470 1302 agebant
1500 1260 1651 1290 nimirum
1681 1259 1892 1291 electionibus
1924 1260 2096 1291 aecclesia-

449 1315 535 1344 sticis
568 1315 599 1344 in
631 1314 847 1344 concedendis
883 1313 1057 1344 honoribus
1090 1314 1275 1353 deferendo,
1312 1314 1463 1355 ipsasque
1496 1313 1669 1355 dignitates
1700 1324 1764 1343 non
1800 1312 1842 1344 ad
1872 1313 2010 1354 gratiam
2041 1324 2098 1344 seu

448 1367 605 1408 pecuniae
622 1368 777 1408 precium,
796 1368 873 1408 quin
890 1368 996 1408 potius
1022 1367 1062 1397 ad
1079 1378 1203 1397 morum
1229 1373 1259 1397 et
1284 1367 1438 1397 scientiae
1463 1367 1704 1408 prerogativam
1720 1366 1888 1408 largiendo
1898 1366 1921 1397 ¹².
1959 1366 2003 1397 At
2019 1377 2096 1398 vero

448 1419 502 1450 ubi
528 1419 569 1450 ad
593 1431 685 1461 reges
710 1426 842 1450 ventum
868 1426 924 1453 est,
951 1421 1004 1461 qui
1034 1419 1226 1461 ignmabant
1250 1419 1377 1461 Ioseph,
1404 1419 1553 1455 ecclesia,
1579 1431 1641 1461 que
1667 1424 1735 1450 erat
1767 1419 1906 1459 domina,
1938 1419 2026 1450 facta
2049 1425 2098 1451 est

448 1472 563 1503 ancilla
589 1478 619 1503 ct
644 1473 736 1506 sicut,
758 1473 886 1514 quando
904 1473 1006 1503 tribus
1023 1473 1099 1503 Dan
1124 1474 1210 1514 cepit
1235 1472 1295 1503 sibi
1314 1484 1448 1515 querere
1473 1473 1721 1514 possessionem,
1747 1484 1820 1504 cum
1844 1473 1907 1504 iam
1932 1484 1996 1504 non
2013 1478 2098 1504 esset

449 1537 506 1556 rex
537 1526 569 1555 in
593 1525 704 1558 Israel,
737 1525 793 1556 sed
817 1527 1038 1567 unusquisque
1065 1526 1150 1567 quod
1181 1526 1300 1557 bonum
1334 1526 1395 1556 sibi
1419 1526 1592 1557 videbatur
1615 1526 1676 1557 hoc
1701 1525 1853 1565 faciebat7
1879 1537 1951 1557 cum
1976 1526 2041 1556 iam
2064 1526 2098 1556 in

449 1578 585 1609 ccclesia
603 1579 666 1609 Dei
684 1579 734 1609 vel
759 1579 791 1609 in
810 1579 902 1609 domo
921 1579 1047 1609 Michae
1074 1580 1159 1621 cepit
1179 1590 1248 1610 esse
1274 1579 1395 1610 idolum
1420 1585 1451 1610 et
1476 1579 1626 1610 sacerdos
1645 1579 1876 1619 conducticiis,
1902 1590 1965 1610 non
1983 1579 2096 1610 electio

449 1632 536 1665 cleri,
562 1644 624 1661 non
650 1643 824 1662 consensus
849 1632 1086 1669 honoratorum,
1118 1644 1181 1663 non
1207 1633 1318 1674 petitio
1343 1632 1453 1674 populi
1485 1633 1517 1662 in
1543 1632 1730 1663 ordinandis
1755 1633 1915 1674 episcopis
1942 1631 2097 1674 quereba-

449 1691 509 1715 tur.
536 1696 597 1715 non
623 1685 785 1715 sanctitati
810 1685 906 1717 vitae.
938 1696 1001 1715 non
1034 1686 1187 1716 scientiae
1219 1685 1383 1716 illustriori
1409 1685 1550 1716 delatum
1575 1690 1633 1724 est,
1665 1685 1723 1716 sed
1747 1685 1942 1727 quicumque
1967 1684 2098 1716 volebat

449 1737 602 1778 implebat
626 1749 755 1767 manum
781 1749 869 1768 suam
896 1744 926 1768 et
951 1738 1054 1769 factus
1076 1744 1123 1768 est
1148 1738 1299 1769 sacerdos
1316 1750 1380 1769 non
1397 1739 1461 1769 iam
1479 1738 1621 1777 Domini,
1647 1738 1704 1769 sed
1721 1749 1924 1769 mammonae
1949 1750 1987 1770 ac
2011 1739 2097 1780 prin-

449 1791 529 1831 cipis
550 1790 643 1820 huius
661 1790 770 1820 mundi
789 1790 941 1821 dicentis:
968 1792 1055 1822 Haec
1080 1793 1183 1823 01111111(
1209 1793 1269 1823 tihi
1291 1793 1381 1831 daho,
1406 1794 1437 1823 εἰ
1459 1793 1573 1823 cadens
1597 1792 1783 1824 adoraveris·
1807 1805 1861 1823 me.
1901 1791 1988 1831 Quid
2013 1792 2098 1823 enim

450 1851 517 1873 erat
542 1843 603 1873 nisi
628 1842 747 1873 diaboli
771 1844 926 1885 principis
951 1844 1044 1874 huius
1062 1844 1173 1875 mundi
1196 1845 1229 1875 in
1246 1844 1387 1886 maligno
1411 1845 1508 1886 positi
1533 1844 1688 1885 adoratio,
1713 1845 1906 1887 principum,
1931 1846 1964 1876 in
1981 1844 2097 1887 quibus

450 1895 598 1936 superbie
624 1902 654 1926 et
679 1897 819 1927 avaricie
845 1897 975 1938 spiritus
993 1896 1169 1934 habitabat,
1195 1897 1237 1928 ad
1261 1897 1321 1928 hoc
1347 1897 1495 1928 clientele
1513 1898 1689 1938 deservire,
1707 1899 1895 1940 utquisque
1920 1898 1982 1929 illis
2006 1898 2097 1929 fami-

450 1948 557 1978 liarius
575 1948 761 1979 deserviens
780 1949 944 1991 dignitatis
971 1950 1189 1981 ecclesiastice
1214 1950 1350 1981 alicuius
1375 1952 1502 1992 apicem
1520 1951 1620 1982 cicius
1646 1952 1799 1993 consequi
1824 1952 1998 1993 potuisset3
2025 1962 2098 1982 cum

449 2001 554 2031 taliter
578 2001 706 2032 aliunde
732 2002 883 2033 videlicet
912 2003 1125 2033 ascendentes
1150 2015 1214 2034 non
1239 2004 1281 2034 ad
1305 2004 1393 2034 aliud
1417 2005 1489 2043 nisi,
1514 2009 1549 2035 ut
1574 2010 1682 2035 essent
1710 2004 1845 2035 heretici
1869 2015 2097 2046 promoveren-

450 2059 523 2084 tur?
570 2055 652 2085 Nam
679 2063 709 2085 et
733 2055 795 2096 ipsi
818 2055 929 2085 talium
955 2056 1154 2087 ordinatores
1187 2056 1264 2087 dicti
1296 2057 1450 2099 episcopi,
1483 2068 1555 2088 cum
1587 2063 1695 2088 essent
1725 2056 1898 2088 indubitati
1930 2057 2097 2088 simoniaci

451 2107 511 2137 iam
538 2107 610 2137 olim
636 2108 667 2137 in
693 2120 748 2138 suo
774 2114 903 2139 auctore
929 2120 947 2139 a
972 2120 1088 2149 magno
1115 2109 1256 2151 Symone
1281 2110 1377 2141 Petro
1410 2110 1546 2152 aliisque
1572 2109 1814 2141 successoribus
1840 2110 1908 2141 eius
1932 2110 2096 2152 legittimis

450 2159 664 2200 predamnati,
700 2161 798 2191 nichil
834 2167 940 2202 preter
976 2161 1237 2203 dampnationem
1249 2165 1268 2202 ‘27
1303 2174 1399 2204 quam
1431 2162 1613 2194 habuerunt
1649 2163 1714 2193 suis
1747 2163 1917 2203 ordinatis,
1951 2163 2096 2194 conferre

450 2219 636 2253 potuerunt3
673 2214 799 2254 ipsique
835 2214 945 2244 talium
981 2214 1119 2245 ordinati
1154 2226 1212 2256 per
1247 2226 1357 2246 eorum
1393 2227 1507 2246 manus
1542 2216 1781 2258 impositionem
1816 2216 2019 2247 vulneratum
2056 2215 2096 2247 ab

451 2265 495 2294 eis
521 2272 616 2306 caput
648 2272 900 2307 reportaverunt.
950 2267 1037 2306 Quid
1068 2279 1218 2309 sponsam
1244 2268 1374 2309 Christi,
1407 2274 1551 2299 sanctam
1584 2269 1755 2300 ecclesiam
1786 2280 1851 2300 non
1882 2269 2017 2311 periculi
2045 2268 2096 2300 vel

451 2318 524 2347 mali
556 2318 614 2348 sub
646 2318 761 2349 talibus
794 2319 946 2360 pronubis
979 2325 1009 2350 et
1041 2320 1204 2351 sodalibus
1237 2322 1346 2363 sponsi
1377 2333 1507 2364 passam
1539 2321 1741 2362 arbitremur,
1777 2321 1973 2353 irruentibus
2004 2322 2094 2353 nimi-

451 2382 519 2400 rum
551 2370 591 2400 ad
621 2382 690 2401 cani
723 2372 840 2413 passim
873 2379 917 2411 01,
947 2379 981 2403 111
1013 2373 1132 2404 dictum
1166 2380 1227 2413 est,
1260 2374 1388 2405 aliunde
1422 2374 1671 2406 ascendentibus
1704 2374 1901 2417 quibuslibet
1924 2375 1976 2406 vel
1999 2386 2094 2417 pecu-

451 2423 548 2452 niosis
573 2424 635 2453 iam
661 2424 702 2454 ad
727 2436 818 2455 omne
837 2426 955 2455 vicium
981 2427 1166 2457 exercitatis
1191 2427 1243 2457 vel
1267 2438 1286 2457 a
1311 2427 1582 2459 descendentibus
1606 2427 1769 2459 nobilibus
1794 2428 1834 2459 ad
1860 2439 1952 2459 omne
1975 2428 2095 2459 vicium

451 2476 566 2513 cereis,
604 2476 643 2506 ad
676 2488 754 2517 quos
787 2477 962 2508 monendos
993 2478 1044 2508 vel
1076 2479 1257 2520 arguendos
1289 2480 1423 2522 quilibet
1458 2481 1650 2512 accessisset
1679 2481 1768 2512 velut
1799 2492 1817 2512 a
1848 2481 1949 2523 spinis
1981 2486 2012 2512 et
2041 2481 2094 2511 tri-

450 2527 533 2558 bulis
558 2529 728 2559 convulsus
754 2536 783 2560 ct
809 2530 1002 2561 dilaceratus
1035 2530 1192 2562 abiisset?
1240 2533 1335 2563 Tales
1366 2544 1506 2576 namque
1538 2534 1578 2564 ad
1610 2545 1726 2576 sponse
1750 2534 1883 2565 Domini
1915 2534 2095 2565 castitatem

558 2635 582 2649 :11
606 2628 713 2651 volebat
733 2639 752 2651 ι’,
826 2630 853 2651 br
878 2629 1016 2659 larigwndo
1037 2640 1056 2654 ι’.

562 2708 569 2733 1
615 2709 661 2742 (Y.
686 2709 762 2735 ll'z'rlo
788 2710 908 2736 nav-ar,
934 2711 967 2736 dr
989 2711 1115 2738 scafis-nanc
1140 2712 1276 2743 Hildabr.,
1304 2713 1402 2740 Libelli
1425 2714 1447 2747 J,
1468 2725 1499 2751 p.
1519 2715 1598 2742 565:
1625 2716 1704 2742 Hanc
1730 2710 1937 2743 concessionem
1953 2715 2092 2742 Adrianus

2116 849 2142 868 10

2117 1113 2142 1132 15

2116 1379 2142 1397 20

2116 1644 2142 1663 25

2117 1909 2143 1928 30

2116 2173 2142 2193 35

452 2761 619 2794 apostolicus
645 2761 755 2788 Karolo.
782 2763 839 2788 lwo
864 2764 967 2789 tvi-vius
991 2764 1115 2791 Ludoieo
1139 2786 1144 2790 .
1166 2786 1171 2791 .
1192 2786 1196 2791 .
1223 2766 1465 2793 ‹·0nfir1navm·unt.
1503 2768 1627 2796 Adriani
1649 2768 1672 2795 I.
1700 2773 1725 2796 et
1748 2768 1851 2796 Leonis
1870 2768 1949 2795 VIII.
1967 2768 2040 2806 ficta
2064 2767 2091 2795 in
2110 2773 2139 2793 45

452 2813 544 2839 naimo
569 2814 663 2842 habnt:
689 2815 727 2848 ''f-
751 2815 783 2841 li.
803 2815 962 2849 livrnlwim,
989 2816 1117 2844 ·'F‹›r.s‹·lz.
1143 2828 1166 2844 ε.
1187 2818 1222 2845 Ι),
1239 2815 1351 2846 Ges-elz?
1369 2823 1386 2846 t.
1406 2820 1471 2853 4ΥΓ,
1492 2831 1524 2857 p.
1544 2821 1622 2854 635;
1647 2821 1687 2856 ‘'f-
1713 2822 1798 2856 infra
1822 2831 1843 2848 (¹.
1864 2821 1913 2848 85.
1986 2820 2015 2855 2)
2043 2819 2089 2855 Cf.

455 2866 598 2892 Ilomlwrlc'
620 2867 684 2893 adr.
709 2867 873 2894 simonia‹·n.s·
898 2869 914 2894 l.
933 2868 972 2902 IL
998 2880 1019 2896 1¹.
1040 2870 1089 2903 26,
1116 2870 1215 2898 Libelli
1238 2871 1260 2906 I,
1281 2882 1313 2908 p.
1336 2872 1523 2900 170—172.
