2233 3252
507 170 690 200 MONACHI
714 171 855 200 Exuhls
880 171 909 199 S.
936 173 1148 201 LAURENTH
1175 175 1424 204 OPL'sct'Llru.
1727 173 1791 204 625

568 263 728 306 Syderum
753 275 817 296 non
841 270 891 296 ost
913 276 1065 296 numerus
1090 267 1258 302 minorum.

567 316 639 359 Que
664 316 762 348 trahit
785 328 894 349 seeum
918 317 1017 349 druco
1042 318 1082 350 ‹le
1107 321 1271 361 supernis:

509 377 539 401 15
568 368 688 402 Clerici
712 375 758 401 tot
781 375 856 402 sunt
878 370 1094 414 monachique
1119 373 1198 404 tanti

620 422 728 455 Prava
751 428 936 466 sequentes.

569 476 709 509 Dixerat
732 475 896 518 quondam
920 475 1110 508 tenebrosus
1136 477 1198 515 ille,

567 528 663 569 Quod
686 540 784 572 super
807 535 948 561 montem
973 529 1061 572 Syon
1086 530 1286 563 ascenderet.

566 581 659 614 Nune
683 581 811 622 sedens,
836 587 989 625 tanquam
1014 583 1110 615 fuerit
1134 583 1259 616 loeutus

504 643 538 667 20
619 635 718 675 Vera,
742 634 898 678 superbit.

566 688 652 721 Hinc
675 694 803 720 tumens
828 688 933 721 calcat
957 689 1109 732 populum
1134 689 1272 730 fidelem,

567 741 708 774 Ordines
732 753 842 774 sacros
866 743 943 774 emit
966 748 1064 785 atque
1089 742 1211 783 vendit,

565 795 609 827 Et
632 795 697 827 Dei
720 806 832 827 servos
856 795 971 828 melius
995 795 1141 827 volentes

617 848 764 891 Longius
787 853 887 880 arcet.

505 909 539 934 25
567 901 655 933 Hine
679 907 712 933 et
734 900 871 934 abbates
895 901 1050 945 profugos
1075 901 1234 942 videmus,

564 954 672 998 Atque
697 954 842 998 propulsi
866 954 1015 987 monachi
1039 961 1210 998 vagantur,

565 1007 607 1040 Et
630 1007 744 1040 vident
766 1014 869 1040 terras
893 1007 974 1040 alias
998 1014 1031 1040 et
1054 1007 1151 1040 urbes

617 1060 763 1093 Exiliati.

565 1113 620 1146 Sic
645 1113 734 1158 Syon
758 1114 856 1147 fetam
880 1114 1115 1158 gravidamque
1139 1122 1234 1158 partu

501 1173 538 1199 30
565 1167 729 1211 Impetens
753 1168 836 1199 sevit
860 1167 959 1200 draco
984 1174 1156 1201 tortuosus.
1811 1165 1951 1215 Apoefl‘;,'4‚

565 1221 610 1253 Ut
633 1220 716 1253 trahi
740 1221 851 1264 possit,
876 1220 1010 1254 fluvium
1034 1222 1201 1265 profundit

618 1274 815 1307 Parturienti
829 1277 848 1306 ¹.

565 1327 626 1360 Illa
650 1328 858 1371 quantumvis
881 1329 1025 1371 graviter
1048 1334 1222 1372 prematur,

564 1381 643 1413 Plus
667 1386 783 1424 gravat
805 1387 941 1414 matrem
965 1381 1043 1424 fuga
1066 1381 1215 1414 filiorum.

502 1440 536 1466 35
564 1433 649 1466 Nam
673 1433 765 1466 dolor
787 1440 880 1466 natos
904 1435 1080 1467 cruciando
1104 1436 1215 1467 matris

617 1487 755 1520 Viscera
777 1488 902 1531 pungit.

564 1541 675 1573 Plorat
699 1546 730 1573 et
753 1541 879 1584 plangit
901 1541 1065 1585 laniatque
1090 1543 1206 1583 crines,

565 1593 726 1626 Verberat
750 1600 864 1637 pectus
887 1594 1074 1638 laceratque
1097 1601 1239 1636 vestem;

565 1647 692 1680 Clamat
714 1648 748 1679 in
773 1647 888 1691 celum,
912 1649 1123 1691 sequiturque
1148 1660 1240 1681 caros

500 1707 536 1732 40
618 1700 716 1733 Crine
740 1701 854 1733 soluto.

565 1755 672 1794 Quam
695 1760 888 1798 potestatem
913 1761 1014 1797 roget,
1039 1761 1075 1787 ut
1098 1756 1188 1788 iuvet
1211 1756 1272 1788 se?

564 1807 625 1840 Vel
650 1809 721 1851 quis
745 1807 866 1852 afflicte
890 1809 1008 1851 poterit
1031 1809 1164 1850 mederi,

564 1860 647 1893 Cum
670 1861 757 1893 Nero
781 1861 916 1893 Romam
941 1867 1050 1894 teneat
1074 1862 1262 1905 Symonque

616 1914 709 1957 Papa
732 1914 891 1947 vocetur?

937 2013 980 2045 ΙΙ.

565 2065 647 2097 Cum
671 2077 799 2098 mecum
822 2067 938 2099 tacitus
962 2067 1024 2099 ista
1047 2067 1249 2100 revolverem

564 2138 608 2142 —
631 2119 714 2150 Nam
739 2125 815 2151 tunc
840 2119 1010 2162 expulerat
1032 2132 1084 2152 me
1110 2120 1232 2164 Symon
1257 2121 1384 2152 exulem
1410 2140 1452 2144 —-

563 2172 642 2204 Post
666 2178 793 2204 noctem
818 2173 982 2205 mediam²
1004 2180 1125 2216 gratus,
1151 2175 1196 2206 uti
1221 2174 1311 2214 solet,

617 2225 756 2258 Mestum
780 2237 832 2258 me
856 2227 959 2258 tenuit
982 2238 1087 2270 sopor.

519 2285 536 2310 5
565 2278 681 2311 Statim
704 2279 870 2321 pervideo,
895 2279 990 2322 quale
1014 2280 1192 2323 periculum

564 2331 659 2364 Nunc
683 2337 732 2364 est
756 2332 903 2377 ecclesie,
929 2345 1090 2376 quamque
1114 2333 1267 2376 perieulis

563 2384 666 2416 Nobis
690 2385 724 2416 in
747 2385 863 2417 mediis
887 2387 1054 2428 proximus
1079 2393 1128 2418 est
1151 2386 1243 2418 Deus

617 2438 660 2470 Et
683 2439 786 2481 virgo.
811 2439 954 2481 genitrix
978 2439 1053 2471 Dei.

566 2491 776 2531 ‘Quandam¹¹
800 2491 984 2524 naviculam
1008 2504 1067 2535 per
1090 2504 1178 2524 mare
1203 2492 1366 2524 turbidum
1805 2509 1890 2528 mma.

503 2550 537 2576 10
565 2544 663 2576 Venti
686 2544 895 2587 dispulerant,
919 2545 1072 2588 undaque
1096 2546 1226 2588 turgida

245 2633 272 2665 a)
295 2635 370 2665 Q⁸da
388 2644 409 2660 c.

94 2736 122 2756 ω

141 2791 202 2810 enm
225 2782 335 2811 faceret
358 2783 431 2810 trahi
454 2792 472 2810 a
493 2783 619 2809 flumine.
712 2781 743 2818 2)
769 2781 817 2818 Cf.
842 2783 915 2811 Hor.
942 2782 1032 2811 Ser-m.
1050 2783 1074 2816 Ι,
1095 2783 1143 2817 10,
1163 2784 1219 2810 33:
1245 2784 1312 2811 Post
1337 2784 1456 2811 mediam
1479 2788 1591 2810 noctem
1615 2783 1699 2814 visus,
1724 2791 1786 2808 cum

140 2843 246 2862 somma
268 2845 345 2863 vera.

213 2895 312 2921 Libelli
331 2895 365 2920 de
386 2895 442 2921 lite.
474 2896 527 2920 111.
1076 2896 1080 2902 ¹
1541 2895 1574 2919 ‘19

248 2728 278 2764 1)
302 2729 390 2766 Apoc.
411 2729 459 2763 12,
476 2729 532 2757 15:
562 2730 600 2756 Et
627 2730 701 2756 misit
726 2738 844 2765 serpens
869 2739 903 2757 ex
925 2739 974 2758 ore
998 2739 1048 2757 suo
1071 2736 1136 2766 post
1159 2731 1303 2758 mulierem
1327 2740 1428 2766 aquam
1453 2735 1593 2765 tamquam
1617 2729 1730 2761 flumen,
1754 2734 1784 2755 ut
