<?xml version="1.0" encoding="UTF-8"?>
<!DOCTYPE html PUBLIC "-//W3C//DTD XHTML 1.0 Transitional//EN"
    "http://www.w3.org/TR/xhtml1/DTD/xhtml1-transitional.dtd">
<html xmlns="http://www.w3.org/1999/xhtml" xml:lang="en" lang="en">
 <head>
  <title>
</title>
<meta http-equiv="Content-Type" content="text/html;charset=utf-8" />
  <meta name='ocr-system' content='tesseract 3.04.00' />
  <meta name='ocr-capabilities' content='ocr_page ocr_carea ocr_par ocr_line ocrx_word'/>
</head>
<body>
  <div class='ocr_page' id='page_1' title='image "./monumenta03geseuoft/monumenta03geseuoft_0298.png"; bbox 0 0 2233 3252; ppageno 0'>
   <div class='ocr_carea' id='block_1_1' title="bbox 281 625 436 644">
    <p class='ocr_par' dir='ltr' id='par_1_1' title="bbox 281 625 436 644">
     <span class='ocr_line' id='line_1_1' title="bbox 281 625 436 644; baseline -0.013 -2"><span class='ocrx_word' id='word_1_1' title='bbox 281 625 436 644; x_wconf 41' lang='lat' dir='ltr'><strong>wangisisxf„</strong></span> 
     </span>
    </p>
   </div>
   <div class='ocr_carea' id='block_1_2' title="bbox 367 838 437 855">
    <p class='ocr_par' dir='ltr' id='par_1_2' title="bbox 367 838 437 855">
     <span class='ocr_line' id='line_1_2' title="bbox 367 838 437 855; baseline -0.014 0"><span class='ocrx_word' id='word_1_2' title='bbox 367 838 395 855; x_wconf 62' lang='lat' dir='ltr'><strong>ii».</strong></span> <span class='ocrx_word' id='word_1_3' title='bbox 405 838 437 854; x_wconf 72' lang='lat'><strong>21¹.</strong></span> 
     </span>
    </p>
   </div>
   <div class='ocr_carea' id='block_1_3' title="bbox 347 1101 438 1121">
    <p class='ocr_par' dir='ltr' id='par_1_3' title="bbox 347 1101 438 1121">
     <span class='ocr_line' id='line_1_3' title="bbox 347 1101 438 1121; baseline -0.011 0"><span class='ocrx_word' id='word_1_4' title='bbox 347 1101 377 1121; x_wconf 64' lang='grc' dir='ltr'><strong>Ἴ.</strong></span> <span class='ocrx_word' id='word_1_5' title='bbox 387 1102 438 1120; x_wconf 71' lang='lat'><strong>114¹.</strong></span> 
     </span>
    </p>
   </div>
   <div class='ocr_carea' id='block_1_4' title="bbox 282 1633 437 1655">
    <p class='ocr_par' dir='ltr' id='par_1_4' title="bbox 282 1633 437 1655">
     <span class='ocr_line' id='line_1_4' title="bbox 282 1633 437 1655; baseline -0.006 -4"><span class='ocrx_word' id='word_1_6' title='bbox 282 1633 356 1651; x_wconf 19' lang='lat' dir='ltr'><strong>2.‹7·.›r.</strong></span> <span class='ocrx_word' id='word_1_7' title='bbox 367 1633 437 1655; x_wconf 72' lang='lat'><strong>11,14.</strong></span> 
     </span>
    </p>
   </div>
   <div class='ocr_carea' id='block_1_5' title="bbox 320 2215 438 2235">
    <p class='ocr_par' dir='ltr' id='par_1_5' title="bbox 320 2215 438 2235">
     <span class='ocr_line' id='line_1_5' title="bbox 320 2215 438 2235; baseline 0.008 -2"><span class='ocrx_word' id='word_1_8' title='bbox 320 2215 354 2233; x_wconf 66' lang='grc' dir='ltr'><strong>Ρη.</strong></span> <span class='ocrx_word' id='word_1_9' title='bbox 366 2216 409 2235; x_wconf 74' lang='grc'><strong>136,</strong></span> <span class='ocrx_word' id='word_1_10' title='bbox 422 2218 438 2234; x_wconf 94' lang='lat' dir='ltr'><strong>l.</strong></span> 
     </span>
    </p>
   </div>
   <div class='ocr_carea' id='block_1_6' title="bbox 326 2428 436 2450">
    <p class='ocr_par' dir='ltr' id='par_1_6' title="bbox 326 2428 436 2450">
     <span class='ocr_line' id='line_1_6' title="bbox 326 2428 436 2450; baseline 0.009 -5"><span class='ocrx_word' id='word_1_11' title='bbox 326 2428 436 2450; x_wconf 67' lang='lat' dir='ltr'><strong>n..121,⁴.</strong></span> 
     </span>
    </p>
   </div>
   <div class='ocr_carea' id='block_1_7' title="bbox 461 209 478 237">
    <p class='ocr_par' dir='ltr' id='par_1_7' title="bbox 461 209 478 237">
     <span class='ocr_line' id='line_1_7' title="bbox 461 209 478 237; textangle 90"><span class='ocrx_word' id='word_1_12' title='bbox 461 209 478 237; x_wconf 58' lang='grc' dir='ltr'><strong>[ὑ</strong></span> 
     </span>
    </p>
   </div>
   <div class='ocr_carea' id='block_1_8' title="bbox 505 208 522 237">
    <p class='ocr_par' dir='ltr' id='par_1_8' title="bbox 505 208 522 237">
     <span class='ocr_line' id='line_1_8' title="bbox 505 208 522 237; textangle 90"><span class='ocrx_word' id='word_1_13' title='bbox 505 208 522 237; x_wconf 65' lang='lat'><strong>{0</strong></span> 
     </span>
    </p>
   </div>
   <div class='ocr_carea' id='block_1_9' title="bbox 751 204 1804 235">
    <p class='ocr_par' dir='ltr' id='par_1_9' title="bbox 751 204 1804 235">
     <span class='ocr_line' id='line_1_9' title="bbox 751 204 1804 235; baseline -0.003 -2"><span class='ocrx_word' id='word_1_14' title='bbox 751 208 929 235; x_wconf 81' lang='lat' dir='ltr'><strong>GERHOHI</strong></span> <span class='ocrx_word' id='word_1_15' title='bbox 954 207 1185 233; x_wconf 79' lang='lat' dir='ltr'><strong>PRAEPOSITI</strong></span> <span class='ocrx_word' id='word_1_16' title='bbox 1210 204 1614 232; x_wconf 76' lang='lat' dir='ltr'><strong>REICHERSBERGENSIS</strong></span> <span class='ocrx_word' id='word_1_17' title='bbox 1640 204 1804 231; x_wconf 88' lang='lat' dir='ltr'>LIBELLI.</span> 
     </span>
    </p>
   </div>
   <div class='ocr_carea' id='block_1_10' title="bbox 616 301 2108 2617">
    <p class='ocr_par' dir='ltr' id='par_1_10' title="bbox 616 301 2108 2617">
     <span class='ocr_line' id='line_1_10' title="bbox 1201 301 1366 325; baseline -0.012 0"><span class='ocrx_word' id='word_1_18' title='bbox 1201 301 1276 325; x_wconf 57' lang='lat' dir='ltr'><strong>(scald.</strong></span> <span class='ocrx_word' id='word_1_19' title='bbox 1298 302 1321 324; x_wconf 70' lang='lat'><strong>⁶2.</strong></span> <span class='ocrx_word' id='word_1_20' title='bbox 1343 302 1366 324; x_wconf 86' lang='lat'><strong>3.</strong></span> 
     </span>
     <span class='ocr_line' id='line_1_11' title="bbox 619 341 2106 387; baseline -0.001 -12"><span class='ocrx_word' id='word_1_21' title='bbox 619 346 771 387; x_wconf 67' lang='lat' dir='ltr'><strong>pendium</strong></span> <span class='ocrx_word' id='word_1_22' title='bbox 797 345 1010 375; x_wconf 77' lang='lat' dir='ltr'><strong>necessitate³</strong></span> <span class='ocrx_word' id='word_1_23' title='bbox 1036 351 1166 374; x_wconf 80' lang='lat' dir='ltr'><strong>coaetus</strong></span> <span class='ocrx_word' id='word_1_24' title='bbox 1196 342 1322 373; x_wconf 87' lang='lat' dir='ltr'><strong>excessi</strong></span> <span class='ocrx_word' id='word_1_25' title='bbox 1354 353 1525 383; x_wconf 89' lang='lat' dir='ltr'><strong>meumque</strong></span> <span class='ocrx_word' id='word_1_26' title='bbox 1550 352 1680 372; x_wconf 84' lang='lat' dir='ltr'><strong>sensum</strong></span> <span class='ocrx_word' id='word_1_27' title='bbox 1706 341 1760 383; x_wconf 92' lang='lat' dir='ltr'><strong>qui</strong></span> <span class='ocrx_word' id='word_1_28' title='bbox 1785 341 1947 372; x_wconf 88' lang='lat' dir='ltr'><strong>seculares</strong></span> <span class='ocrx_word' id='word_1_29' title='bbox 1973 342 2106 373; x_wconf 88' lang='lat' dir='ltr'><strong>clericos</strong></span> 
     </span>
     <span class='ocr_line' id='line_1_12' title="bbox 617 394 2107 436; baseline -0.001 -9"><span class='ocrx_word' id='word_1_30' title='bbox 617 405 647 429; x_wconf 69' lang='lat' dir='ltr'><strong>et</strong></span> <span class='ocrx_word' id='word_1_31' title='bbox 672 399 812 428; x_wconf 88' lang='lat' dir='ltr'><strong>maxime</strong></span> <span class='ocrx_word' id='word_1_32' title='bbox 838 397 1058 428; x_wconf 76' lang='lat' dir='ltr'><strong>conducticios</strong></span> <span class='ocrx_word' id='word_1_33' title='bbox 1083 396 1226 429; x_wconf 76' lang='lat' dir='ltr'><strong>offendit,</strong></span> <span class='ocrx_word' id='word_1_34' title='bbox 1259 395 1330 426; x_wconf 80' lang='lat' dir='ltr'><strong>ideo</strong></span> <span class='ocrx_word' id='word_1_35' title='bbox 1364 394 1419 425; x_wconf 85' lang='lat' dir='ltr'><strong>tibi</strong></span> <span class='ocrx_word' id='word_1_36' title='bbox 1445 400 1599 435; x_wconf 86' lang='lat' dir='ltr'><strong>tanquam</strong></span> <span class='ocrx_word' id='word_1_37' title='bbox 1624 395 1707 435; x_wconf 88' lang='lat' dir='ltr'><strong>patri</strong></span> <span class='ocrx_word' id='word_1_38' title='bbox 1733 394 1891 436; x_wconf 80' lang='lat' dir='ltr'><strong>spirituali</strong></span> <span class='ocrx_word' id='word_1_39' title='bbox 1917 395 2048 436; x_wconf 84' lang='lat' dir='ltr'><strong>digessi,</strong></span> <span class='ocrx_word' id='word_1_40' title='bbox 2073 401 2107 426; x_wconf 88' lang='lat' dir='ltr'><strong>ut</strong></span> 
     </span>
     <span class='ocr_line' id='line_1_13' title="bbox 616 447 2107 493; baseline -0.001 -12"><span class='ocrx_word' id='word_1_41' title='bbox 616 451 671 482; x_wconf 87' lang='lat' dir='ltr'><strong>ubi</strong></span> <span class='ocrx_word' id='word_1_42' title='bbox 697 462 758 493; x_wconf 89' lang='lat' dir='ltr'><strong>que</strong></span> <span class='ocrx_word' id='word_1_43' title='bbox 785 451 887 481; x_wconf 72' lang='lat' dir='ltr'><strong>sentio</strong></span> <span class='ocrx_word' id='word_1_44' title='bbox 913 449 1156 492; x_wconf 80' lang='lat' dir='ltr'><strong>approbaveris,</strong></span> <span class='ocrx_word' id='word_1_45' title='bbox 1182 449 1385 479; x_wconf 75' lang='lat' dir='ltr'><strong>defensorem</strong></span> <span class='ocrx_word' id='word_1_46' title='bbox 1411 453 1442 478; x_wconf 85' lang='lat' dir='ltr'><strong>et</strong></span> <span class='ocrx_word' id='word_1_47' title='bbox 1466 447 1656 484; x_wconf 81' lang='lat' dir='ltr'><strong>adiutorem,</strong></span> <span class='ocrx_word' id='word_1_48' title='bbox 1674 447 1729 478; x_wconf 89' lang='lat' dir='ltr'><strong>ubi</strong></span> <span class='ocrx_word' id='word_1_49' title='bbox 1747 459 1824 478; x_wconf 91' lang='lat' dir='ltr'><strong>vero</strong></span> <span class='ocrx_word' id='word_1_50' title='bbox 1849 447 1972 490; x_wconf 90' lang='lat' dir='ltr'><strong>aliquid</strong></span> <span class='ocrx_word' id='word_1_51' title='bbox 1997 460 2107 479; x_wconf 90' lang='lat' dir='ltr'><strong>eorum</strong></span> 
     </span>
     <span class='ocr_line' id='line_1_14' title="bbox 619 499 2107 546; baseline -0.001 -12"><span class='ocrx_word' id='word_1_52' title='bbox 619 504 865 546; x_wconf 85' lang='lat' dir='ltr'><strong>improbandum</strong></span> <span class='ocrx_word' id='word_1_53' title='bbox 891 503 1096 537; x_wconf 74' lang='lat' dir='ltr'><strong>iudicaveris,</strong></span> <span class='ocrx_word' id='word_1_54' title='bbox 1123 507 1339 533; x_wconf 73' lang='lat' dir='ltr'><strong>correctorem</strong></span> <span class='ocrx_word' id='word_1_55' title='bbox 1364 506 1394 531; x_wconf 85' lang='lat' dir='ltr'><strong>te</strong></span> <span class='ocrx_word' id='word_1_56' title='bbox 1421 500 1497 530; x_wconf 93' lang='lat' dir='ltr'><strong>mihi</strong></span> <span class='ocrx_word' id='word_1_57' title='bbox 1520 499 1687 539; x_wconf 88' lang='lat' dir='ltr'><strong>exhibeas,</strong></span> <span class='ocrx_word' id='word_1_58' title='bbox 1712 500 1878 531; x_wconf 86' lang='lat' dir='ltr'><strong>adiuratus</strong></span> <span class='ocrx_word' id='word_1_59' title='bbox 1904 506 1935 531; x_wconf 92' lang='lat' dir='ltr'><strong>et</strong></span> <span class='ocrx_word' id='word_1_60' title='bbox 1959 500 2107 532; x_wconf 88' lang='lat' dir='ltr'><strong>obsecra-</strong></span> 
     </span>
     <span class='ocr_line' id='line_1_15' title="bbox 617 553 2106 598; baseline -0.002 -10"><span class='ocrx_word' id='word_1_61' title='bbox 617 564 666 588; x_wconf 86' lang='lat' dir='ltr'><strong>tus</strong></span> <span class='ocrx_word' id='word_1_62' title='bbox 699 568 756 598; x_wconf 81' lang='lat' dir='ltr'><strong>per</strong></span> <span class='ocrx_word' id='word_1_63' title='bbox 780 557 878 591; x_wconf 78' lang='lat' dir='ltr'><strong>illum.</strong></span> <span class='ocrx_word' id='word_1_64' title='bbox 911 568 929 586; x_wconf 93' lang='lat' dir='ltr'><strong>a</strong></span> <span class='ocrx_word' id='word_1_65' title='bbox 954 567 1016 598; x_wconf 93' lang='lat' dir='ltr'><strong>quo</strong></span> <span class='ocrx_word' id='word_1_66' title='bbox 1042 555 1100 586; x_wconf 89' lang='lat' dir='ltr'><strong>tibi</strong></span> <span class='ocrx_word' id='word_1_67' title='bbox 1126 561 1174 585; x_wconf 82' lang='lat' dir='ltr'><strong>est</strong></span> <span class='ocrx_word' id='word_1_68' title='bbox 1199 566 1237 585; x_wconf 88' lang='lat' dir='ltr'><strong>ea</strong></span> <span class='ocrx_word' id='word_1_69' title='bbox 1262 565 1344 596; x_wconf 85' lang='lat' dir='ltr'><strong>quae</strong></span> <span class='ocrx_word' id='word_1_70' title='bbox 1370 565 1447 594; x_wconf 85' lang='lat' dir='ltr'><strong>rogo</strong></span> <span class='ocrx_word' id='word_1_71' title='bbox 1476 553 1619 584; x_wconf 88' lang='lat' dir='ltr'><strong>faciendi</strong></span> <span class='ocrx_word' id='word_1_72' title='bbox 1650 553 1856 595; x_wconf 64' lang='lat' dir='ltr'><strong>possibilitas</strong></span> <span class='ocrx_word' id='word_1_73' title='bbox 1906 554 1941 585; x_wconf 80' lang='lat' dir='ltr'><strong>Si</strong></span> <span class='ocrx_word' id='word_1_74' title='bbox 1965 555 2050 585; x_wconf 88' lang='lat' dir='ltr'><strong>enim</strong></span> <span class='ocrx_word' id='word_1_75' title='bbox 2075 555 2106 585; x_wconf 90' lang='lat' dir='ltr'><strong>in</strong></span> 
     </span>
     <span class='ocr_line' id='line_1_16' title="bbox 618 606 2108 651; baseline -0.002 -10"><span class='ocrx_word' id='word_1_76' title='bbox 618 610 711 641; x_wconf 81' lang='lat' dir='ltr'><strong>dictis</strong></span> <span class='ocrx_word' id='word_1_77' title='bbox 737 616 767 640; x_wconf 81' lang='lat' dir='ltr'><strong>ct</strong></span> <span class='ocrx_word' id='word_1_78' title='bbox 793 610 919 651; x_wconf 81' lang='lat' dir='ltr'><strong>scriptis</strong></span> <span class='ocrx_word' id='word_1_79' title='bbox 936 609 1053 640; x_wconf 86' lang='lat' dir='ltr'><strong>nostris</strong></span> <span class='ocrx_word' id='word_1_80' title='bbox 1072 613 1247 639; x_wconf 85' lang='lat' dir='ltr'><strong>cernuntur</strong></span> <span class='ocrx_word' id='word_1_81' title='bbox 1264 607 1317 637; x_wconf 85' lang='lat' dir='ltr'><strong>illa</strong></span> <span class='ocrx_word' id='word_1_82' title='bbox 1334 607 1484 648; x_wconf 84' lang='lat' dir='ltr'><strong>insignia,</strong></span> <span class='ocrx_word' id='word_1_83' title='bbox 1503 606 1619 648; x_wconf 90' lang='lat' dir='ltr'><strong>quibus</strong></span> <span class='ocrx_word' id='word_1_84' title='bbox 1637 606 1780 637; x_wconf 83' lang='lat' dir='ltr'><strong>Thamar</strong></span> <span class='ocrx_word' id='word_1_85' title='bbox 1804 618 1842 637; x_wconf 85' lang='lat' dir='ltr'><strong>ne</strong></span> <span class='ocrx_word' id='word_1_86' title='bbox 1864 607 2108 638; x_wconf 80' lang='lat' dir='ltr'><strong>combureretur</strong></span> 
     </span>
     <span class='ocr_line' id='line_1_17' title="bbox 618 659 2106 703; baseline -0.002 -9"><span class='ocrx_word' id='word_1_87' title='bbox 618 664 734 703; x_wconf 77' lang='lat' dir='ltr'><strong>legitur</strong></span> <span class='ocrx_word' id='word_1_88' title='bbox 759 663 903 701; x_wconf 78' lang='lat' dir='ltr'><strong>defensa,</strong></span> <span class='ocrx_word' id='word_1_89' title='bbox 929 662 1081 692; x_wconf 75' lang='lat' dir='ltr'><strong>videlicet</strong></span> <span class='ocrx_word' id='word_1_90' title='bbox 1106 661 1230 694; x_wconf 73' lang='lat' dir='ltr'><strong>anulus,</strong></span> <span class='ocrx_word' id='word_1_91' title='bbox 1256 660 1391 691; x_wconf 88' lang='lat' dir='ltr'><strong>baculus</strong></span> <span class='ocrx_word' id='word_1_92' title='bbox 1417 666 1448 690; x_wconf 90' lang='lat' dir='ltr'><strong>et</strong></span> <span class='ocrx_word' id='word_1_93' title='bbox 1471 659 1605 695; x_wconf 78' lang='lat' dir='ltr'><strong>armilla,</strong></span> <span class='ocrx_word' id='word_1_94' title='bbox 1634 671 1693 701; x_wconf 90' lang='lat' dir='ltr'><strong>per</strong></span> <span class='ocrx_word' id='word_1_95' title='bbox 1717 671 1779 701; x_wconf 86' lang='lat' dir='ltr'><strong>que</strong></span> <span class='ocrx_word' id='word_1_96' title='bbox 1804 660 1993 701; x_wconf 83' lang='lat' dir='ltr'><strong>intelligitur</strong></span> <span class='ocrx_word' id='word_1_97' title='bbox 2016 660 2106 699; x_wconf 87' lang='lat' dir='ltr'><strong>fides,</strong></span> 
     </span>
     <span class='ocr_line' id='line_1_18' title="bbox 618 713 2107 758; baseline -0.001 -13"><span class='ocrx_word' id='word_1_98' title='bbox 618 728 691 758; x_wconf 78' lang='lat' dir='ltr'><strong>spes</strong></span> <span class='ocrx_word' id='word_1_99' title='bbox 717 722 746 747; x_wconf 82' lang='lat' dir='ltr'><strong>et</strong></span> <span class='ocrx_word' id='word_1_100' title='bbox 773 717 900 749; x_wconf 75' lang='lat' dir='ltr'><strong>caritas,</strong></span> <span class='ocrx_word' id='word_1_101' title='bbox 927 715 1061 746; x_wconf 73' lang='grc'><strong>01138810</strong></span> <span class='ocrx_word' id='word_1_102' title='bbox 1087 720 1127 750; x_wconf 78' lang='lat' dir='ltr'><strong>te,</strong></span> <span class='ocrx_word' id='word_1_103' title='bbox 1154 726 1192 744; x_wconf 84' lang='lat' dir='ltr'><strong>ne</strong></span> <span class='ocrx_word' id='word_1_104' title='bbox 1219 714 1334 744; x_wconf 81' lang='lat' dir='ltr'><strong>credas</strong></span> <span class='ocrx_word' id='word_1_105' title='bbox 1360 713 1499 744; x_wconf 85' lang='lat' dir='ltr'><strong>animam</strong></span> <span class='ocrx_word' id='word_1_106' title='bbox 1524 724 1629 743; x_wconf 85' lang='lat' dir='ltr'><strong>meam</strong></span> <span class='ocrx_word' id='word_1_107' title='bbox 1654 724 1727 743; x_wconf 83' lang='lat' dir='ltr'><strong>cum</strong></span> <span class='ocrx_word' id='word_1_108' title='bbox 1752 718 1842 754; x_wconf 89' lang='lat' dir='ltr'><strong>patre</strong></span> <span class='ocrx_word' id='word_1_109' title='bbox 1867 713 2021 744; x_wconf 85' lang='lat' dir='ltr'><strong>mendatii</strong></span> <span class='ocrx_word' id='word_1_110' title='bbox 2046 714 2107 745; x_wconf 84' lang='lat' dir='ltr'><strong>for-</strong></span> 
     </span>
     <span class='ocr_line' id='line_1_19' title="bbox 618 765 2108 810; baseline -0.001 -10"><span class='ocrx_word' id='word_1_111' title='bbox 618 770 768 803; x_wconf 69' lang='lat' dir='ltr'><strong>nicatam,</strong></span> <span class='ocrx_word' id='word_1_112' title='bbox 795 769 851 799; x_wconf 88' lang='lat' dir='ltr'><strong>sed</strong></span> <span class='ocrx_word' id='word_1_113' title='bbox 877 769 981 810; x_wconf 86' lang='lat' dir='ltr'><strong>potius</strong></span> <span class='ocrx_word' id='word_1_114' title='bbox 1006 769 1107 799; x_wconf 84' lang='lat' dir='ltr'><strong>fatere</strong></span> <span class='ocrx_word' id='word_1_115' title='bbox 1133 767 1219 798; x_wconf 86' lang='lat' dir='ltr'><strong>illam</strong></span> <span class='ocrx_word' id='word_1_116' title='bbox 1245 767 1283 797; x_wconf 90' lang='lat' dir='ltr'><strong>de</strong></span> <span class='ocrx_word' id='word_1_117' title='bbox 1309 767 1430 797; x_wconf 85' lang='lat' dir='ltr'><strong>semine</strong></span> <span class='ocrx_word' id='word_1_118' title='bbox 1457 766 1545 805; x_wconf 89' lang='lat' dir='ltr'><strong>Inde,</strong></span> <span class='ocrx_word' id='word_1_119' title='bbox 1572 765 1604 796; x_wconf 92' lang='lat' dir='ltr'><strong>id</strong></span> <span class='ocrx_word' id='word_1_120' title='bbox 1622 772 1670 796; x_wconf 86' lang='lat' dir='ltr'><strong>est</strong></span> <span class='ocrx_word' id='word_1_121' title='bbox 1687 765 1817 805; x_wconf 79' lang='lat' dir='ltr'><strong>Christi,</strong></span> <span class='ocrx_word' id='word_1_122' title='bbox 1843 766 2056 808; x_wconf 81' lang='lat' dir='ltr'><strong>gravidatam,</strong></span> <span class='ocrx_word' id='word_1_123' title='bbox 2074 773 2108 798; x_wconf 84' lang='lat' dir='ltr'><strong>ut</strong></span> 
     </span>
     <span class='ocr_line' id='line_1_20' title="bbox 618 819 2107 864; baseline -0.001 -11"><span class='ocrx_word' id='word_1_124' title='bbox 618 822 766 864; x_wconf 87' lang='lat' dir='ltr'><strong>exemplo</strong></span> <span class='ocrx_word' id='word_1_125' title='bbox 792 822 934 852; x_wconf 84' lang='lat' dir='ltr'><strong>Thamar</strong></span> <span class='ocrx_word' id='word_1_126' title='bbox 959 828 1086 863; x_wconf 81' lang='lat' dir='ltr'><strong>pareret</strong></span> <span class='ocrx_word' id='word_1_127' title='bbox 1111 821 1203 862; x_wconf 84' lang='lat' dir='ltr'><strong>quasi</strong></span> <span class='ocrx_word' id='word_1_128' title='bbox 1228 820 1337 856; x_wconf 81' lang='lat' dir='ltr'><strong>filium,</strong></span> <span class='ocrx_word' id='word_1_129' title='bbox 1364 821 1418 861; x_wconf 85' lang='lat' dir='ltr'><strong>qui</strong></span> <span class='ocrx_word' id='word_1_130' title='bbox 1443 819 1662 861; x_wconf 74' lang='lat' dir='ltr'><strong>appella-retur</strong></span> <span class='ocrx_word' id='word_1_131' title='bbox 1686 819 1818 859; x_wconf 81' lang='lat' dir='ltr'><strong>PhareS,</strong></span> <span class='ocrx_word' id='word_1_132' title='bbox 1850 819 1885 850; x_wconf 88' lang='lat' dir='ltr'><strong>id</strong></span> <span class='ocrx_word' id='word_1_133' title='bbox 1909 825 1957 851; x_wconf 87' lang='lat' dir='ltr'><strong>est</strong></span> <span class='ocrx_word' id='word_1_134' title='bbox 1980 820 2107 860; x_wconf 87' lang='lat' dir='ltr'><strong>divisio,</strong></span> 
     </span>
     <span class='ocr_line' id='line_1_21' title="bbox 618 873 2107 917; baseline -0.001 -11"><span class='ocrx_word' id='word_1_135' title='bbox 618 876 692 917; x_wconf 90' lang='lat' dir='ltr'><strong>quia</strong></span> <span class='ocrx_word' id='word_1_136' title='bbox 711 876 801 906; x_wconf 77' lang='lat' dir='ltr'><strong>Deus</strong></span> <span class='ocrx_word' id='word_1_137' title='bbox 826 875 915 905; x_wconf 85' lang='lat' dir='ltr'><strong>testis</strong></span> <span class='ocrx_word' id='word_1_138' title='bbox 941 880 998 909; x_wconf 75' lang='lat' dir='ltr'><strong>est,</strong></span> <span class='ocrx_word' id='word_1_139' title='bbox 1024 874 1109 904; x_wconf 89' lang='lat' dir='ltr'><strong>nulla</strong></span> <span class='ocrx_word' id='word_1_140' title='bbox 1136 874 1285 915; x_wconf 84' lang='lat' dir='ltr'><strong>propriae</strong></span> <span class='ocrx_word' id='word_1_141' title='bbox 1310 873 1431 915; x_wconf 84' lang='lat' dir='ltr'><strong>gloriae</strong></span> <span class='ocrx_word' id='word_1_142' title='bbox 1458 873 1651 914; x_wconf 86' lang='lat' dir='ltr'><strong>captatione,</strong></span> <span class='ocrx_word' id='word_1_143' title='bbox 1678 873 1735 903; x_wconf 89' lang='lat' dir='ltr'><strong>sed</strong></span> <span class='ocrx_word' id='word_1_144' title='bbox 1760 873 1827 903; x_wconf 89' lang='lat' dir='ltr'><strong>sola</strong></span> <span class='ocrx_word' id='word_1_145' title='bbox 1851 873 1996 904; x_wconf 85' lang='lat' dir='ltr'><strong>veritatis</strong></span> <span class='ocrx_word' id='word_1_146' title='bbox 2021 885 2107 904; x_wconf 91' lang='lat' dir='ltr'><strong>emu-</strong></span> 
     </span>
     <span class='ocr_line' id='line_1_22' title="bbox 618 925 2107 968; baseline -0.001 -9"><span class='ocrx_word' id='word_1_147' title='bbox 618 930 735 960; x_wconf 84' lang='lat' dir='ltr'><strong>latione</strong></span> <span class='ocrx_word' id='word_1_148' title='bbox 754 928 804 959; x_wconf 79' lang='lat' dir='ltr'><strong>vel</strong></span> <span class='ocrx_word' id='word_1_149' title='bbox 830 940 880 959; x_wconf 88' lang='lat' dir='ltr'><strong>me</strong></span> <span class='ocrx_word' id='word_1_150' title='bbox 906 940 923 958; x_wconf 90' lang='lat' dir='ltr'><strong>a</strong></span> <span class='ocrx_word' id='word_1_151' title='bbox 949 927 1159 958; x_wconf 82' lang='lat' dir='ltr'><strong>sacramentis</strong></span> <span class='ocrx_word' id='word_1_152' title='bbox 1185 926 1400 957; x_wconf 77' lang='lat' dir='ltr'><strong>hereticorum</strong></span> <span class='ocrx_word' id='word_1_153' title='bbox 1426 925 1546 965; x_wconf 86' lang='lat' dir='ltr'><strong>divido,</strong></span> <span class='ocrx_word' id='word_1_154' title='bbox 1571 925 1623 956; x_wconf 84' lang='lat' dir='ltr'><strong>vel</strong></span> <span class='ocrx_word' id='word_1_155' title='bbox 1647 927 1730 956; x_wconf 89' lang='lat' dir='ltr'><strong>inter</strong></span> <span class='ocrx_word' id='word_1_156' title='bbox 1753 926 1895 968; x_wconf 90' lang='lat' dir='ltr'><strong>ipsorum</strong></span> <span class='ocrx_word' id='word_1_157' title='bbox 1921 932 1953 957; x_wconf 90' lang='lat' dir='ltr'><strong>et</strong></span> <span class='ocrx_word' id='word_1_158' title='bbox 1977 927 2107 957; x_wconf 87' lang='lat' dir='ltr'><strong>catholi-</strong></span> 
     </span>
     <span class='ocr_line' id='line_1_23' title="bbox 618 979 2107 1022; baseline -0.002 -9"><span class='ocrx_word' id='word_1_159' title='bbox 618 994 727 1013; x_wconf 87' lang='lat' dir='ltr'><strong>corum</strong></span> <span class='ocrx_word' id='word_1_160' title='bbox 757 986 958 1012; x_wconf 86' lang='lat' dir='ltr'><strong>sacramenta</strong></span> <span class='ocrx_word' id='word_1_161' title='bbox 989 992 1140 1022; x_wconf 82' lang='lat' dir='ltr'><strong>magnam</strong></span> <span class='ocrx_word' id='word_1_162' title='bbox 1172 980 1365 1010; x_wconf 77' lang='lat' dir='ltr'><strong>divisionem</strong></span> <span class='ocrx_word' id='word_1_163' title='bbox 1390 984 1421 1010; x_wconf 90' lang='lat' dir='ltr'><strong>et</strong></span> <span class='ocrx_word' id='word_1_164' title='bbox 1446 979 1684 1010; x_wconf 76' lang='lat' dir='ltr'><strong>distinctionem</strong></span> <span class='ocrx_word' id='word_1_165' title='bbox 1710 990 1780 1009; x_wconf 88' lang='lat' dir='ltr'><strong>esse</strong></span> <span class='ocrx_word' id='word_1_166' title='bbox 1805 979 1899 1010; x_wconf 92' lang='lat' dir='ltr'><strong>dictis</strong></span> <span class='ocrx_word' id='word_1_167' title='bbox 1925 985 1955 1010; x_wconf 87' lang='lat' dir='ltr'><strong>et</strong></span> <span class='ocrx_word' id='word_1_168' title='bbox 1980 980 2107 1021; x_wconf 81' lang='lat' dir='ltr'><strong>scriptis</strong></span> 
     </span>
     <span class='ocr_line' id='line_1_24' title="bbox 618 1032 2107 1074; baseline -0.002 -7"><span class='ocrx_word' id='word_1_169' title='bbox 618 1036 811 1069; x_wconf 80' lang='lat' dir='ltr'><strong>demonstro,</strong></span> <span class='ocrx_word' id='word_1_170' title='bbox 845 1035 913 1064; x_wconf 84' lang='lat' dir='ltr'><strong>sine</strong></span> <span class='ocrx_word' id='word_1_171' title='bbox 938 1034 1116 1067; x_wconf 74' lang='lat' dir='ltr'><strong>meliorum,</strong></span> <span class='ocrx_word' id='word_1_172' title='bbox 1141 1039 1175 1063; x_wconf 86' lang='lat' dir='ltr'><strong>ut</strong></span> <span class='ocrx_word' id='word_1_173' title='bbox 1200 1032 1278 1072; x_wconf 83' lang='lat' dir='ltr'><strong>dixi,</strong></span> <span class='ocrx_word' id='word_1_174' title='bbox 1310 1032 1500 1074; x_wconf 86' lang='lat' dir='ltr'><strong>preiudicio.</strong></span> <span class='ocrx_word' id='word_1_175' title='bbox 1548 1032 1680 1063; x_wconf 83' lang='lat' dir='ltr'><strong>Dudum</strong></span> <span class='ocrx_word' id='word_1_176' title='bbox 1706 1032 1898 1063; x_wconf 77' lang='lat' dir='ltr'><strong>necessitate</strong></span> <span class='ocrx_word' id='word_1_177' title='bbox 1925 1032 2107 1074; x_wconf 88' lang='lat' dir='ltr'><strong>compulsus</strong></span> 
     </span>
     <span class='ocr_line' id='line_1_25' title="bbox 617 1086 2107 1129; baseline -0.002 -10"><span class='ocrx_word' id='word_1_178' title='bbox 617 1089 657 1119; x_wconf 85' lang='lat' dir='ltr'><strong>ad</strong></span> <span class='ocrx_word' id='word_1_179' title='bbox 683 1088 847 1119; x_wconf 88' lang='lat' dir='ltr'><strong>dominum</strong></span> <span class='ocrx_word' id='word_1_180' title='bbox 872 1098 990 1129; x_wconf 83' lang='lat' dir='ltr'><strong>papam</strong></span> <span class='ocrx_word' id='word_1_181' title='bbox 1015 1087 1249 1123; x_wconf 74' lang='grc'><strong>11111088111111111,</strong></span> <span class='ocrx_word' id='word_1_182' title='bbox 1269 1086 1356 1127; x_wconf 69' lang='lat' dir='ltr'><strong>‘ipso</strong></span> <span class='ocrx_word' id='word_1_183' title='bbox 1381 1090 1529 1123; x_wconf 86' lang='lat' dir='ltr'><strong>vocante,</strong></span> <span class='ocrx_word' id='word_1_184' title='bbox 1551 1086 1664 1125; x_wconf 72' lang='lat' dir='ltr'><strong>veni13</strong></span> <span class='ocrx_word' id='word_1_185' title='bbox 1691 1086 1742 1116; x_wconf 87' lang='lat' dir='ltr'><strong>eui</strong></span> <span class='ocrx_word' id='word_1_186' title='bbox 1767 1096 1817 1116; x_wconf 91' lang='lat' dir='ltr'><strong>me</strong></span> <span class='ocrx_word' id='word_1_187' title='bbox 1843 1086 2009 1125; x_wconf 75' lang='lat' dir='ltr'><strong>scrutanti,</strong></span> <span class='ocrx_word' id='word_1_188' title='bbox 2035 1097 2107 1117; x_wconf 90' lang='lat' dir='ltr'><strong>cum</strong></span> 
     </span>
     <span class='ocr_line' id='line_1_26' title="bbox 618 1138 2106 1184; baseline -0.001 -12"><span class='ocrx_word' id='word_1_189' title='bbox 618 1147 741 1184; x_wconf 87' lang='lat' dir='ltr'><strong>peteret</strong></span> <span class='ocrx_word' id='word_1_190' title='bbox 767 1152 829 1183; x_wconf 87' lang='lat' dir='ltr'><strong>qua</strong></span> <span class='ocrx_word' id='word_1_191' title='bbox 853 1140 915 1171; x_wconf 87' lang='lat' dir='ltr'><strong>fide</strong></span> <span class='ocrx_word' id='word_1_192' title='bbox 940 1141 1026 1178; x_wconf 72' lang='lat' dir='ltr'><strong>vivo,</strong></span> <span class='ocrx_word' id='word_1_193' title='bbox 1052 1151 1114 1181; x_wconf 86' lang='lat' dir='ltr'><strong>qua</strong></span> <span class='ocrx_word' id='word_1_194' title='bbox 1140 1151 1196 1181; x_wconf 89' lang='lat' dir='ltr'><strong>spe</strong></span> <span class='ocrx_word' id='word_1_195' title='bbox 1221 1139 1348 1181; x_wconf 79' lang='lat' dir='ltr'><strong>gaudeo</strong></span> <span class='ocrx_word' id='word_1_196' title='bbox 1374 1144 1405 1169; x_wconf 90' lang='lat' dir='ltr'><strong>et</strong></span> <span class='ocrx_word' id='word_1_197' title='bbox 1429 1150 1493 1180; x_wconf 87' lang='lat' dir='ltr'><strong>qua</strong></span> <span class='ocrx_word' id='word_1_198' title='bbox 1518 1150 1595 1180; x_wconf 88' lang='lat' dir='ltr'><strong>erga</strong></span> <span class='ocrx_word' id='word_1_199' title='bbox 1619 1138 1727 1169; x_wconf 89' lang='lat' dir='ltr'><strong>Deum</strong></span> <span class='ocrx_word' id='word_1_200' title='bbox 1753 1144 1784 1169; x_wconf 90' lang='lat' dir='ltr'><strong>et</strong></span> <span class='ocrx_word' id='word_1_201' title='bbox 1808 1144 1953 1169; x_wconf 79' lang='lat' dir='ltr'><strong>sanctam</strong></span> <span class='ocrx_word' id='word_1_202' title='bbox 1985 1139 2106 1170; x_wconf 85' lang='lat' dir='ltr'><strong>aeccle-</strong></span> 
     </span>
     <span class='ocr_line' id='line_1_27' title="bbox 619 1191 2107 1233; baseline -0.001 -8"><span class='ocrx_word' id='word_1_203' title='bbox 619 1196 699 1226; x_wconf 84' lang='lat' dir='ltr'><strong>siam</strong></span> <span class='ocrx_word' id='word_1_204' title='bbox 725 1194 907 1233; x_wconf 85' lang='lat' dir='ltr'><strong>dilectione,</strong></span> <span class='ocrx_word' id='word_1_205' title='bbox 933 1193 1060 1224; x_wconf 71' lang='lat' dir='ltr'><strong>Christo</strong></span> <span class='ocrx_word' id='word_1_206' title='bbox 1086 1193 1235 1227; x_wconf 74' lang='lat' dir='ltr'><strong>donante.</strong></span> <span class='ocrx_word' id='word_1_207' title='bbox 1260 1203 1402 1231; x_wconf 85' lang='lat' dir='ltr'><strong>moveor,</strong></span> <span class='ocrx_word' id='word_1_208' title='bbox 1428 1198 1582 1233; x_wconf 85' lang='lat' dir='ltr'><strong>tanquam</strong></span> <span class='ocrx_word' id='word_1_209' title='bbox 1607 1192 1633 1222; x_wconf 87' lang='lat' dir='ltr'><strong>si</strong></span> <span class='ocrx_word' id='word_1_210' title='bbox 1658 1191 1802 1222; x_wconf 87' lang='lat' dir='ltr'><strong>audisset</strong></span> <span class='ocrx_word' id='word_1_211' title='bbox 1826 1203 1867 1222; x_wconf 88' lang='lat' dir='ltr'><strong>ex</strong></span> <span class='ocrx_word' id='word_1_212' title='bbox 1892 1203 1946 1223; x_wconf 88' lang='lat' dir='ltr'><strong>ore</strong></span> <span class='ocrx_word' id='word_1_213' title='bbox 1970 1203 2041 1223; x_wconf 88' lang='lat' dir='ltr'><strong>meo</strong></span> <span class='ocrx_word' id='word_1_214' title='bbox 2067 1192 2107 1223; x_wconf 91' lang='lat' dir='ltr'><strong>de</strong></span> 
     </span>
     <span class='ocr_line' id='line_1_28' title="bbox 616 1244 2107 1288; baseline -0.001 -10"><span class='ocrx_word' id='word_1_215' title='bbox 616 1249 685 1278; x_wconf 80' lang='lat' dir='ltr'><strong>viro</strong></span> <span class='ocrx_word' id='word_1_216' title='bbox 712 1248 801 1278; x_wconf 88' lang='lat' dir='ltr'><strong>cuius</strong></span> <span class='ocrx_word' id='word_1_217' title='bbox 826 1247 885 1278; x_wconf 92' lang='lat' dir='ltr'><strong>hec</strong></span> <span class='ocrx_word' id='word_1_218' title='bbox 912 1252 985 1277; x_wconf 84' lang='lat' dir='ltr'><strong>sunt</strong></span> <span class='ocrx_word' id='word_1_219' title='bbox 1002 1246 1137 1288; x_wconf 80' lang='lat' dir='ltr'><strong>concepi</strong></span> <span class='ocrx_word' id='word_1_220' title='bbox 1147 1246 1170 1285; x_wconf 53' lang='lat'><strong>¹),</strong></span> <span class='ocrx_word' id='word_1_221' title='bbox 1196 1245 1337 1287; x_wconf 84' lang='lat' dir='ltr'><strong>benigne</strong></span> <span class='ocrx_word' id='word_1_222' title='bbox 1355 1246 1404 1276; x_wconf 89' lang='lat' dir='ltr'><strong>sui</strong></span> <span class='ocrx_word' id='word_1_223' title='bbox 1420 1246 1524 1287; x_wconf 85' lang='lat' dir='ltr'><strong>gratia</strong></span> <span class='ocrx_word' id='word_1_224' title='bbox 1542 1256 1592 1276; x_wconf 89' lang='lat' dir='ltr'><strong>me</strong></span> <span class='ocrx_word' id='word_1_225' title='bbox 1610 1244 1731 1281; x_wconf 75' lang='lat' dir='ltr'><strong>habuit,</strong></span> <span class='ocrx_word' id='word_1_226' title='bbox 1758 1250 1789 1275; x_wconf 89' lang='grc'><strong>81</strong></span> <span class='ocrx_word' id='word_1_227' title='bbox 1812 1256 1871 1287; x_wconf 89' lang='lat' dir='ltr'><strong>per</strong></span> <span class='ocrx_word' id='word_1_228' title='bbox 1887 1245 2008 1276; x_wconf 89' lang='lat' dir='ltr'><strong>litteras</strong></span> <span class='ocrx_word' id='word_1_229' title='bbox 2033 1256 2107 1276; x_wconf 89' lang='lat' dir='ltr'><strong>suas</strong></span> 
     </span>
     <span class='ocr_line' id='line_1_29' title="bbox 618 1298 2106 1341; baseline -0.001 -10"><span class='ocrx_word' id='word_1_230' title='bbox 618 1301 746 1332; x_wconf 90' lang='lat' dir='ltr'><strong>domino</strong></span> <span class='ocrx_word' id='word_1_231' title='bbox 779 1312 849 1331; x_wconf 87' lang='lat' dir='ltr'><strong>meo</strong></span> <span class='ocrx_word' id='word_1_232' title='bbox 876 1299 1106 1341; x_wconf 77' lang='lat' dir='ltr'><strong>Salzburgensi</strong></span> <span class='ocrx_word' id='word_1_233' title='bbox 1138 1299 1382 1341; x_wconf 89' lang='lat' dir='ltr'><strong>archiepiscopo</strong></span> <span class='ocrx_word' id='word_1_234' title='bbox 1414 1310 1519 1329; x_wconf 86' lang='lat' dir='ltr'><strong>meam</strong></span> <span class='ocrx_word' id='word_1_235' title='bbox 1544 1299 1738 1340; x_wconf 85' lang='lat' dir='ltr'><strong>parvitatem</strong></span> <span class='ocrx_word' id='word_1_236' title='bbox 1763 1298 1997 1329; x_wconf 87' lang='lat' dir='ltr'><strong>defensandam</strong></span> <span class='ocrx_word' id='word_1_237' title='bbox 2023 1310 2106 1330; x_wconf 90' lang='lat' dir='ltr'><strong>com-</strong></span> 
     </span>
     <span class='ocr_line' id='line_1_30' title="bbox 616 1351 2107 1395; baseline -0.001 -11"><span class='ocrx_word' id='word_1_238' title='bbox 616 1354 792 1387; x_wconf 82' lang='lat' dir='ltr'><strong>mendavit,</strong></span> <span class='ocrx_word' id='word_1_239' title='bbox 815 1365 909 1395; x_wconf 84' lang='lat' dir='ltr'><strong>quem</strong></span> <span class='ocrx_word' id='word_1_240' title='bbox 936 1353 1007 1383; x_wconf 79' lang='lat' dir='ltr'><strong>ideo</strong></span> <span class='ocrx_word' id='word_1_241' title='bbox 1032 1364 1088 1394; x_wconf 89' lang='lat' dir='ltr'><strong>pre</strong></span> <span class='ocrx_word' id='word_1_242' title='bbox 1115 1353 1230 1383; x_wconf 87' lang='lat' dir='ltr'><strong>ceteris</strong></span> <span class='ocrx_word' id='word_1_243' title='bbox 1255 1352 1363 1394; x_wconf 84' lang='lat' dir='ltr'><strong>optavi</strong></span> <span class='ocrx_word' id='word_1_244' title='bbox 1389 1352 1466 1382; x_wconf 92' lang='lat' dir='ltr'><strong>mihi</strong></span> <span class='ocrx_word' id='word_1_245' title='bbox 1484 1351 1688 1382; x_wconf 82' lang='lat' dir='ltr'><strong>defensorem</strong></span> <span class='ocrx_word' id='word_1_246' title='bbox 1706 1351 1777 1382; x_wconf 89' lang='lat' dir='ltr'><strong>dari</strong></span> <span class='ocrx_word' id='word_1_247' title='bbox 1801 1356 1833 1382; x_wconf 91' lang='lat' dir='ltr'><strong>et</strong></span> <span class='ocrx_word' id='word_1_248' title='bbox 1856 1351 1936 1391; x_wconf 84' lang='lat' dir='ltr'><strong>fieri,</strong></span> <span class='ocrx_word' id='word_1_249' title='bbox 1955 1352 2107 1394; x_wconf 86' lang='lat' dir='ltr'><strong>quoniam</strong></span> 
     </span>
     <span class='ocr_line' id='line_1_31' title="bbox 617 1405 2106 1449; baseline -0.002 -11"><span class='ocrx_word' id='word_1_250' title='bbox 617 1413 648 1438; x_wconf 91' lang='lat' dir='ltr'><strong>et</strong></span> <span class='ocrx_word' id='word_1_251' title='bbox 673 1408 741 1449; x_wconf 85' lang='lat' dir='ltr'><strong>ipse</strong></span> <span class='ocrx_word' id='word_1_252' title='bbox 766 1418 829 1437; x_wconf 89' lang='lat' dir='ltr'><strong>non</strong></span> <span class='ocrx_word' id='word_1_253' title='bbox 855 1407 959 1437; x_wconf 86' lang='lat' dir='ltr'><strong>minus</strong></span> <span class='ocrx_word' id='word_1_254' title='bbox 977 1418 1073 1448; x_wconf 84' lang='lat' dir='ltr'><strong>quam</strong></span> <span class='ocrx_word' id='word_1_255' title='bbox 1099 1417 1169 1447; x_wconf 79' lang='lat' dir='ltr'><strong>ego,</strong></span> <span class='ocrx_word' id='word_1_256' title='bbox 1193 1406 1291 1436; x_wconf 88' lang='lat' dir='ltr'><strong>immo</strong></span> <span class='ocrx_word' id='word_1_257' title='bbox 1316 1416 1373 1447; x_wconf 89' lang='lat' dir='ltr'><strong>pro</strong></span> <span class='ocrx_word' id='word_1_258' title='bbox 1399 1416 1454 1435; x_wconf 89' lang='lat' dir='ltr'><strong>sue</strong></span> <span class='ocrx_word' id='word_1_259' title='bbox 1481 1405 1680 1436; x_wconf 76' lang='lat' dir='ltr'><strong>auctoritatis</strong></span> <span class='ocrx_word' id='word_1_260' title='bbox 1702 1405 1870 1436; x_wconf 86' lang='lat' dir='ltr'><strong>maiestate</strong></span> <span class='ocrx_word' id='word_1_261' title='bbox 1886 1405 1986 1437; x_wconf 87' lang='lat' dir='ltr'><strong>multo</strong></span> <span class='ocrx_word' id='word_1_262' title='bbox 2003 1405 2106 1447; x_wconf 84' lang='lat' dir='ltr'><strong>magis</strong></span> 
     </span>
     <span class='ocr_line' id='line_1_32' title="bbox 616 1457 2106 1502; baseline -0.001 -12"><span class='ocrx_word' id='word_1_263' title='bbox 616 1461 685 1502; x_wconf 86' lang='lat' dir='ltr'><strong>ipse</strong></span> <span class='ocrx_word' id='word_1_264' title='bbox 709 1460 845 1501; x_wconf 85' lang='lat' dir='ltr'><strong>insignis</strong></span> <span class='ocrx_word' id='word_1_265' title='bbox 870 1459 1143 1501; x_wconf 80' lang='lat' dir='ltr'><strong>archiepiscopus,</strong></span> <span class='ocrx_word' id='word_1_266' title='bbox 1165 1470 1261 1500; x_wconf 88' lang='lat' dir='ltr'><strong>quam</strong></span> <span class='ocrx_word' id='word_1_267' title='bbox 1279 1470 1339 1500; x_wconf 87' lang='lat' dir='ltr'><strong>ego</strong></span> <span class='ocrx_word' id='word_1_268' title='bbox 1364 1458 1498 1500; x_wconf 88' lang='lat' dir='ltr'><strong>pusillus</strong></span> <span class='ocrx_word' id='word_1_269' title='bbox 1524 1458 1671 1497; x_wconf 71' lang='lat' dir='ltr'><strong>clericus,</strong></span> <span class='ocrx_word' id='word_1_270' title='bbox 1696 1458 1756 1489; x_wconf 89' lang='grc'><strong>1188</strong></span> <span class='ocrx_word' id='word_1_271' title='bbox 1782 1457 1927 1489; x_wconf 87' lang='lat' dir='ltr'><strong>decertat</strong></span> <span class='ocrx_word' id='word_1_272' title='bbox 1950 1458 2106 1498; x_wconf 75' lang='lat' dir='ltr'><strong>obtinere,</strong></span> 
     </span>
     <span class='ocr_line' id='line_1_33' title="bbox 617 1511 2106 1555; baseline -0.001 -11"><span class='ocrx_word' id='word_1_273' title='bbox 617 1513 703 1555; x_wconf 88' lang='lat' dir='ltr'><strong>quod</strong></span> <span class='ocrx_word' id='word_1_274' title='bbox 729 1514 880 1555; x_wconf 84' lang='lat' dir='ltr'><strong>princeps</strong></span> <span class='ocrx_word' id='word_1_275' title='bbox 905 1512 1015 1543; x_wconf 88' lang='lat' dir='ltr'><strong>mundi</strong></span> <span class='ocrx_word' id='word_1_276' title='bbox 1048 1512 1141 1543; x_wconf 90' lang='lat' dir='ltr'><strong>huius</strong></span> <span class='ocrx_word' id='word_1_277' title='bbox 1166 1523 1230 1543; x_wconf 88' lang='grc'><strong>11011</strong></span> <span class='ocrx_word' id='word_1_278' title='bbox 1255 1512 1357 1543; x_wconf 84' lang='grc'><strong>30111111</strong></span> <span class='ocrx_word' id='word_1_279' title='bbox 1384 1512 1415 1542; x_wconf 87' lang='grc'><strong>111</strong></span> <span class='ocrx_word' id='word_1_280' title='bbox 1441 1523 1474 1542; x_wconf 84' lang='lat' dir='ltr'><strong>se</strong></span> <span class='ocrx_word' id='word_1_281' title='bbox 1499 1512 1579 1553; x_wconf 72' lang='lat' dir='ltr'><strong>ipso,</strong></span> <span class='ocrx_word' id='word_1_282' title='bbox 1613 1511 1671 1542; x_wconf 80' lang='lat' dir='ltr'><strong>sed</strong></span> <span class='ocrx_word' id='word_1_283' title='bbox 1695 1512 1792 1542; x_wconf 85' lang='lat' dir='ltr'><strong>etiam</strong></span> <span class='ocrx_word' id='word_1_284' title='bbox 1817 1512 1848 1542; x_wconf 89' lang='lat' dir='ltr'><strong>in</strong></span> <span class='ocrx_word' id='word_1_285' title='bbox 1872 1511 2015 1542; x_wconf 83' lang='lat' dir='ltr'><strong>menbris</strong></span> <span class='ocrx_word' id='word_1_286' title='bbox 2041 1512 2106 1542; x_wconf 91' lang='lat' dir='ltr'><strong>suis</strong></span> 
     </span>
     <span class='ocr_line' id='line_1_34' title="bbox 617 1564 2105 1607; baseline -0.001 -9"><span class='ocrx_word' id='word_1_287' title='bbox 617 1566 657 1598; x_wconf 89' lang='lat' dir='ltr'><strong>ab</strong></span> <span class='ocrx_word' id='word_1_288' title='bbox 691 1566 849 1597; x_wconf 80' lang='lat' dir='ltr'><strong>aecclesia</strong></span> <span class='ocrx_word' id='word_1_289' title='bbox 886 1566 1045 1607; x_wconf 83' lang='lat' dir='ltr'><strong>separatis</strong></span> <span class='ocrx_word' id='word_1_290' title='bbox 1081 1566 1143 1596; x_wconf 88' lang='lat' dir='ltr'><strong>iam</strong></span> <span class='ocrx_word' id='word_1_291' title='bbox 1180 1565 1224 1596; x_wconf 89' lang='lat' dir='ltr'><strong>ita</strong></span> <span class='ocrx_word' id='word_1_292' title='bbox 1256 1566 1295 1595; x_wconf 86' lang='lat' dir='ltr'><strong>sit</strong></span> <span class='ocrx_word' id='word_1_293' title='bbox 1328 1565 1504 1599; x_wconf 75' lang='lat' dir='ltr'><strong>iudicatus.</strong></span> <span class='ocrx_word' id='word_1_294' title='bbox 1537 1570 1571 1595; x_wconf 91' lang='lat' dir='ltr'><strong>ut</strong></span> <span class='ocrx_word' id='word_1_295' title='bbox 1602 1565 1730 1595; x_wconf 88' lang='lat' dir='ltr'><strong>omnino</strong></span> <span class='ocrx_word' id='word_1_296' title='bbox 1763 1565 1947 1607; x_wconf 87' lang='lat' dir='ltr'><strong>contempni</strong></span> <span class='ocrx_word' id='word_1_297' title='bbox 1979 1564 2105 1605; x_wconf 83' lang='lat' dir='ltr'><strong>debeat,</strong></span> 
     </span>
     <span class='ocr_line' id='line_1_35' title="bbox 618 1618 2106 1661; baseline -0.001 -11"><span class='ocrx_word' id='word_1_298' title='bbox 618 1620 766 1661; x_wconf 81' lang='lat' dir='ltr'><strong>quamvis</strong></span> <span class='ocrx_word' id='word_1_299' title='bbox 790 1631 848 1661; x_wconf 83' lang='lat' dir='ltr'><strong>per</strong></span> <span class='ocrx_word' id='word_1_300' title='bbox 865 1624 1069 1649; x_wconf 87' lang='lat' dir='ltr'><strong>sacramenta</strong></span> <span class='ocrx_word' id='word_1_301' title='bbox 1086 1630 1189 1649; x_wconf 78' lang='lat' dir='ltr'><strong>vacua</strong></span> <span class='ocrx_word' id='word_1_302' title='bbox 1206 1619 1390 1649; x_wconf 83' lang='lat' dir='ltr'><strong>inveniatur</strong></span> <span class='ocrx_word' id='word_1_303' title='bbox 1410 1619 1442 1649; x_wconf 90' lang='lat' dir='ltr'><strong>in</strong></span> <span class='ocrx_word' id='word_1_304' title='bbox 1460 1618 1610 1659; x_wconf 84' lang='lat' dir='ltr'><strong>angelum</strong></span> <span class='ocrx_word' id='word_1_305' title='bbox 1628 1618 1708 1649; x_wconf 86' lang='lat' dir='ltr'><strong>lucis</strong></span> <span class='ocrx_word' id='word_1_306' title='bbox 1726 1618 1981 1659; x_wconf 80' lang='lat' dir='ltr'><strong>transfiguratus.</strong></span> <span class='ocrx_word' id='word_1_307' title='bbox 2011 1618 2106 1649; x_wconf 87' lang='lat' dir='ltr'><strong>Unde</strong></span> 
     </span>
     <span class='ocr_line' id='line_1_36' title="bbox 617 1671 2106 1714; baseline -0.001 -11"><span class='ocrx_word' id='word_1_308' title='bbox 617 1684 773 1703; x_wconf 80' lang='lat' dir='ltr'><strong>accensus</strong></span> <span class='ocrx_word' id='word_1_309' title='bbox 798 1673 866 1703; x_wconf 85' lang='lat' dir='ltr'><strong>zelo</strong></span> <span class='ocrx_word' id='word_1_310' title='bbox 898 1672 1045 1703; x_wconf 84' lang='lat' dir='ltr'><strong>iusticiae</strong></span> <span class='ocrx_word' id='word_1_311' title='bbox 1077 1683 1140 1703; x_wconf 90' lang='lat' dir='ltr'><strong>non</strong></span> <span class='ocrx_word' id='word_1_312' title='bbox 1166 1673 1286 1713; x_wconf 88' lang='lat' dir='ltr'><strong>patitur</strong></span> <span class='ocrx_word' id='word_1_313' title='bbox 1316 1672 1348 1702; x_wconf 91' lang='lat' dir='ltr'><strong>in</strong></span> <span class='ocrx_word' id='word_1_314' title='bbox 1373 1683 1431 1702; x_wconf 89' lang='lat' dir='ltr'><strong>sua</strong></span> <span class='ocrx_word' id='word_1_315' title='bbox 1454 1671 1626 1714; x_wconf 83' lang='lat' dir='ltr'><strong>parrochia</strong></span> <span class='ocrx_word' id='word_1_316' title='bbox 1650 1671 1701 1702; x_wconf 88' lang='lat' dir='ltr'><strong>vel</strong></span> <span class='ocrx_word' id='word_1_317' title='bbox 1726 1671 1861 1702; x_wconf 87' lang='lat' dir='ltr'><strong>clericos</strong></span> <span class='ocrx_word' id='word_1_318' title='bbox 1886 1671 2106 1703; x_wconf 82' lang='lat' dir='ltr'><strong>eonducticios</strong></span> 
     </span>
     <span class='ocr_line' id='line_1_37' title="bbox 616 1724 2106 1766; baseline -0.001 -10"><span class='ocrx_word' id='word_1_319' title='bbox 616 1726 667 1757; x_wconf 81' lang='lat' dir='ltr'><strong>vel</strong></span> <span class='ocrx_word' id='word_1_320' title='bbox 700 1726 886 1756; x_wconf 83' lang='lat' dir='ltr'><strong>manifestos</strong></span> <span class='ocrx_word' id='word_1_321' title='bbox 918 1724 1118 1756; x_wconf 83' lang='lat' dir='ltr'><strong>incestuosos</strong></span> <span class='ocrx_word' id='word_1_322' title='bbox 1150 1725 1243 1756; x_wconf 84' lang='lat' dir='ltr'><strong>altari</strong></span> <span class='ocrx_word' id='word_1_323' title='bbox 1274 1726 1466 1756; x_wconf 87' lang='lat' dir='ltr'><strong>ministrare.</strong></span> <span class='ocrx_word' id='word_1_324' title='bbox 1514 1725 1598 1755; x_wconf 89' lang='lat' dir='ltr'><strong>Nam</strong></span> <span class='ocrx_word' id='word_1_325' title='bbox 1623 1736 1696 1756; x_wconf 85' lang='lat' dir='ltr'><strong>eum</strong></span> <span class='ocrx_word' id='word_1_326' title='bbox 1721 1724 1839 1755; x_wconf 82' lang='lat' dir='ltr'><strong>habeat</strong></span> <span class='ocrx_word' id='word_1_327' title='bbox 1869 1724 1966 1755; x_wconf 87' lang='lat' dir='ltr'><strong>latam</strong></span> <span class='ocrx_word' id='word_1_328' title='bbox 1997 1736 2106 1766; x_wconf 89' lang='lat' dir='ltr'><strong>parro-</strong></span> 
     </span>
     <span class='ocr_line' id='line_1_38' title="bbox 617 1778 2105 1820; baseline -0.001 -11"><span class='ocrx_word' id='word_1_329' title='bbox 617 1779 721 1810; x_wconf 83' lang='lat' dir='ltr'><strong>chiam</strong></span> <span class='ocrx_word' id='word_1_330' title='bbox 747 1785 778 1810; x_wconf 86' lang='lat' dir='ltr'><strong>et</strong></span> <span class='ocrx_word' id='word_1_331' title='bbox 802 1778 941 1820; x_wconf 82' lang='lat' dir='ltr'><strong>amplam</strong></span> <span class='ocrx_word' id='word_1_332' title='bbox 973 1790 1031 1820; x_wconf 88' lang='lat' dir='ltr'><strong>per</strong></span> <span class='ocrx_word' id='word_1_333' title='bbox 1062 1779 1123 1809; x_wconf 86' lang='lat' dir='ltr'><strong>iter</strong></span> <span class='ocrx_word' id='word_1_334' title='bbox 1154 1778 1264 1809; x_wconf 86' lang='lat' dir='ltr'><strong>decem</strong></span> <span class='ocrx_word' id='word_1_335' title='bbox 1295 1778 1420 1809; x_wconf 87' lang='lat' dir='ltr'><strong>dierum</strong></span> <span class='ocrx_word' id='word_1_336' title='bbox 1445 1778 1497 1809; x_wconf 82' lang='lat' dir='ltr'><strong>vel</strong></span> <span class='ocrx_word' id='word_1_337' title='bbox 1522 1778 1659 1820; x_wconf 89' lang='lat' dir='ltr'><strong>amplius</strong></span> <span class='ocrx_word' id='word_1_338' title='bbox 1691 1783 1868 1817; x_wconf 80' lang='lat' dir='ltr'><strong>extensam,</strong></span> <span class='ocrx_word' id='word_1_339' title='bbox 1900 1789 1964 1809; x_wconf 89' lang='lat' dir='ltr'><strong>non</strong></span> <span class='ocrx_word' id='word_1_340' title='bbox 1994 1789 2105 1820; x_wconf 88' lang='lat' dir='ltr'><strong>posses</strong></span> 
     </span>
     <span class='ocr_line' id='line_1_39' title="bbox 616 1830 2106 1863; baseline -0.001 -1"><span class='ocrx_word' id='word_1_341' title='bbox 616 1832 700 1863; x_wconf 87' lang='lat' dir='ltr'><strong>infra</strong></span> <span class='ocrx_word' id='word_1_342' title='bbox 725 1838 847 1862; x_wconf 88' lang='lat' dir='ltr'><strong>tantum</strong></span> <span class='ocrx_word' id='word_1_343' title='bbox 873 1832 1043 1862; x_wconf 88' lang='lat' dir='ltr'><strong>terminum</strong></span> <span class='ocrx_word' id='word_1_344' title='bbox 1069 1832 1214 1862; x_wconf 74' lang='lat' dir='ltr'><strong>invenire</strong></span> <span class='ocrx_word' id='word_1_345' title='bbox 1240 1831 1352 1862; x_wconf 90' lang='lat' dir='ltr'><strong>saltem</strong></span> <span class='ocrx_word' id='word_1_346' title='bbox 1377 1843 1476 1862; x_wconf 89' lang='lat' dir='ltr'><strong>unum</strong></span> <span class='ocrx_word' id='word_1_347' title='bbox 1501 1831 1740 1862; x_wconf 87' lang='lat' dir='ltr'><strong>conducticium</strong></span> <span class='ocrx_word' id='word_1_348' title='bbox 1757 1830 1810 1861; x_wconf 82' lang='lat' dir='ltr'><strong>vel</strong></span> <span class='ocrx_word' id='word_1_349' title='bbox 1830 1842 1928 1861; x_wconf 89' lang='lat' dir='ltr'><strong>unum</strong></span> <span class='ocrx_word' id='word_1_350' title='bbox 1953 1831 2106 1862; x_wconf 86' lang='lat' dir='ltr'><strong>clericum</strong></span> 
     </span>
     <span class='ocr_line' id='line_1_40' title="bbox 617 1883 2106 1927; baseline 0 -12"><span class='ocrx_word' id='word_1_351' title='bbox 617 1891 726 1927; x_wconf 88' lang='lat' dir='ltr'><strong>aperte</strong></span> <span class='ocrx_word' id='word_1_352' title='bbox 752 1886 979 1915; x_wconf 87' lang='lat' dir='ltr'><strong>incestuosum.</strong></span> <span class='ocrx_word' id='word_1_353' title='bbox 1016 1884 1216 1926; x_wconf 84' lang='lat' dir='ltr'><strong>Irregulares</strong></span> <span class='ocrx_word' id='word_1_354' title='bbox 1234 1885 1331 1915; x_wconf 89' lang='lat' dir='ltr'><strong>etiam</strong></span> <span class='ocrx_word' id='word_1_355' title='bbox 1350 1885 1523 1915; x_wconf 88' lang='lat' dir='ltr'><strong>canonicos</strong></span> <span class='ocrx_word' id='word_1_356' title='bbox 1540 1890 1695 1926; x_wconf 88' lang='lat' dir='ltr'><strong>tanquam</strong></span> <span class='ocrx_word' id='word_1_357' title='bbox 1712 1895 1789 1915; x_wconf 83' lang='lat' dir='ltr'><strong>vere</strong></span> <span class='ocrx_word' id='word_1_358' title='bbox 1807 1883 1999 1915; x_wconf 80' lang='lat' dir='ltr'><strong>Chananeos</strong></span> <span class='ocrx_word' id='word_1_359' title='bbox 2020 1889 2106 1915; x_wconf 85' lang='lat' dir='ltr'><strong>terra</strong></span> 
     </span>
     <span class='ocr_line' id='line_1_41' title="bbox 617 1937 2105 1979; baseline -0.001 -10"><span class='ocrx_word' id='word_1_360' title='bbox 617 1944 729 1969; x_wconf 85' lang='lat' dir='ltr'><strong>sancta</strong></span> <span class='ocrx_word' id='word_1_361' title='bbox 753 1938 903 1979; x_wconf 87' lang='lat' dir='ltr'><strong>indignos</strong></span> <span class='ocrx_word' id='word_1_362' title='bbox 929 1938 967 1968; x_wconf 88' lang='lat' dir='ltr'><strong>de</strong></span> <span class='ocrx_word' id='word_1_363' title='bbox 994 1938 1140 1968; x_wconf 83' lang='lat' dir='ltr'><strong>claustris</strong></span> <span class='ocrx_word' id='word_1_364' title='bbox 1166 1938 1230 1968; x_wconf 88' lang='lat' dir='ltr'><strong>suis</strong></span> <span class='ocrx_word' id='word_1_365' title='bbox 1249 1938 1354 1975; x_wconf 87' lang='lat' dir='ltr'><strong>eiecit,</strong></span> <span class='ocrx_word' id='word_1_366' title='bbox 1380 1943 1411 1968; x_wconf 93' lang='lat' dir='ltr'><strong>et</strong></span> <span class='ocrx_word' id='word_1_367' title='bbox 1434 1938 1590 1969; x_wconf 89' lang='lat' dir='ltr'><strong>inlocum</strong></span> <span class='ocrx_word' id='word_1_368' title='bbox 1608 1949 1719 1969; x_wconf 90' lang='lat' dir='ltr'><strong>eorum</strong></span> <span class='ocrx_word' id='word_1_369' title='bbox 1743 1937 1907 1979; x_wconf 82' lang='lat' dir='ltr'><strong>regulares</strong></span> <span class='ocrx_word' id='word_1_370' title='bbox 1932 1937 2105 1968; x_wconf 85' lang='lat' dir='ltr'><strong>canonicos</strong></span> 
     </span>
     <span class='ocr_line' id='line_1_42' title="bbox 616 1990 2105 2033; baseline -0.001 -11"><span class='ocrx_word' id='word_1_371' title='bbox 616 1998 781 2033; x_wconf 86' lang='lat' dir='ltr'><strong>tamquam</strong></span> <span class='ocrx_word' id='word_1_372' title='bbox 798 2002 892 2021; x_wconf 80' lang='lat' dir='ltr'><strong>veros</strong></span> <span class='ocrx_word' id='word_1_373' title='bbox 910 1991 1073 2021; x_wconf 84' lang='lat' dir='ltr'><strong>Israelitas</strong></span> <span class='ocrx_word' id='word_1_374' title='bbox 1098 1991 1285 2021; x_wconf 84' lang='lat' dir='ltr'><strong>introduxit.</strong></span> <span class='ocrx_word' id='word_1_375' title='bbox 1324 1991 1420 2030; x_wconf 75' lang='lat' dir='ltr'><strong>Quod</strong></span> <span class='ocrx_word' id='word_1_376' title='bbox 1437 1992 1506 2022; x_wconf 89' lang='lat' dir='ltr'><strong>eius</strong></span> <span class='ocrx_word' id='word_1_377' title='bbox 1531 1991 1651 2022; x_wconf 84' lang='lat' dir='ltr'><strong>factum</strong></span> <span class='ocrx_word' id='word_1_378' title='bbox 1677 1996 1752 2021; x_wconf 68' lang='lat' dir='ltr'><strong>nos⁶</strong></span> <span class='ocrx_word' id='word_1_379' title='bbox 1779 1990 1854 2021; x_wconf 88' lang='lat' dir='ltr'><strong>licet</strong></span> <span class='ocrx_word' id='word_1_380' title='bbox 1878 1990 2105 2032; x_wconf 83' lang='lat' dir='ltr'><strong>approbemus,</strong></span> 
     </span>
     <span class='ocr_line' id='line_1_43' title="bbox 617 2043 2106 2085; baseline -0.001 -10"><span class='ocrx_word' id='word_1_381' title='bbox 617 2045 693 2075; x_wconf 89' lang='lat' dir='ltr'><strong>dum</strong></span> <span class='ocrx_word' id='word_1_382' title='bbox 719 2044 911 2085; x_wconf 80' lang='lat' dir='ltr'><strong>irregulares</strong></span> <span class='ocrx_word' id='word_1_383' title='bbox 937 2043 1131 2079; x_wconf 75' lang='lat' dir='ltr'><strong>Chananeis,</strong></span> <span class='ocrx_word' id='word_1_384' title='bbox 1166 2044 1330 2085; x_wconf 82' lang='lat' dir='ltr'><strong>regulares</strong></span> <span class='ocrx_word' id='word_1_385' title='bbox 1355 2050 1462 2075; x_wconf 87' lang='lat' dir='ltr'><strong>autem</strong></span> <span class='ocrx_word' id='word_1_386' title='bbox 1487 2044 1642 2075; x_wconf 88' lang='lat' dir='ltr'><strong>Israelitis</strong></span> <span class='ocrx_word' id='word_1_387' title='bbox 1674 2044 1879 2083; x_wconf 88' lang='lat' dir='ltr'><strong>conferimus,</strong></span> <span class='ocrx_word' id='word_1_388' title='bbox 1911 2054 1974 2074; x_wconf 90' lang='lat' dir='ltr'><strong>non</strong></span> <span class='ocrx_word' id='word_1_389' title='bbox 1999 2048 2106 2074; x_wconf 89' lang='lat' dir='ltr'><strong>tamen</strong></span> 
     </span>
     <span class='ocr_line' id='line_1_44' title="bbox 618 2096 2105 2139; baseline 0 -12"><span class='ocrx_word' id='word_1_390' title='bbox 618 2099 803 2139; x_wconf 84' lang='lat' dir='ltr'><strong>ignoramus</strong></span> <span class='ocrx_word' id='word_1_391' title='bbox 835 2098 916 2127; x_wconf 87' lang='lat' dir='ltr'><strong>inter</strong></span> <span class='ocrx_word' id='word_1_392' title='bbox 944 2097 1138 2138; x_wconf 84' lang='lat' dir='ltr'><strong>irregulares</strong></span> <span class='ocrx_word' id='word_1_393' title='bbox 1170 2097 1294 2139; x_wconf 88' lang='lat' dir='ltr'><strong>aliquos</strong></span> <span class='ocrx_word' id='word_1_394' title='bbox 1326 2108 1396 2128; x_wconf 86' lang='lat' dir='ltr'><strong>esse</strong></span> <span class='ocrx_word' id='word_1_395' title='bbox 1429 2097 1601 2128; x_wconf 89' lang='lat' dir='ltr'><strong>salvandos</strong></span> <span class='ocrx_word' id='word_1_396' title='bbox 1627 2102 1657 2128; x_wconf 89' lang='lat' dir='ltr'><strong>et</strong></span> <span class='ocrx_word' id='word_1_397' title='bbox 1686 2098 1769 2128; x_wconf 89' lang='lat' dir='ltr'><strong>inter</strong></span> <span class='ocrx_word' id='word_1_398' title='bbox 1792 2097 1956 2138; x_wconf 86' lang='lat' dir='ltr'><strong>regulares</strong></span> <span class='ocrx_word' id='word_1_399' title='bbox 1981 2096 2105 2138; x_wconf 87' lang='lat' dir='ltr'><strong>aliquos</strong></span> 
     </span>
     <span class='ocr_line' id='line_1_45' title="bbox 618 2149 2105 2192; baseline 0.001 -13"><span class='ocrx_word' id='word_1_400' title='bbox 618 2150 830 2183; x_wconf 70' lang='lat' dir='ltr'><strong>damnandos,</strong></span> <span class='ocrx_word' id='word_1_401' title='bbox 849 2150 1008 2191; x_wconf 85' lang='lat' dir='ltr'><strong>quomodo</strong></span> <span class='ocrx_word' id='word_1_402' title='bbox 1030 2150 1062 2180; x_wconf 94' lang='lat' dir='ltr'><strong>in</strong></span> <span class='ocrx_word' id='word_1_403' title='bbox 1080 2150 1249 2181; x_wconf 83' lang='lat' dir='ltr'><strong>Babilonia</strong></span> <span class='ocrx_word' id='word_1_404' title='bbox 1268 2150 1398 2192; x_wconf 84' lang='lat' dir='ltr'><strong>quidam</strong></span> <span class='ocrx_word' id='word_1_405' title='bbox 1424 2150 1632 2181; x_wconf 86' lang='lat' dir='ltr'><strong>laudabiliter</strong></span> <span class='ocrx_word' id='word_1_406' title='bbox 1648 2151 1800 2181; x_wconf 84' lang='lat' dir='ltr'><strong>vixerunt</strong></span> <span class='ocrx_word' id='word_1_407' title='bbox 1824 2156 1856 2181; x_wconf 85' lang='lat' dir='ltr'><strong>et</strong></span> <span class='ocrx_word' id='word_1_408' title='bbox 1879 2150 1911 2180; x_wconf 93' lang='lat' dir='ltr'><strong>in</strong></span> <span class='ocrx_word' id='word_1_409' title='bbox 1928 2149 2105 2181; x_wconf 85' lang='lat' dir='ltr'><strong>Ierusalem</strong></span> 
     </span>
     <span class='ocr_line' id='line_1_46' title="bbox 619 2203 2104 2245; baseline 0 -12"><span class='ocrx_word' id='word_1_410' title='bbox 619 2203 749 2245; x_wconf 82' lang='lat' dir='ltr'><strong>quidam</strong></span> <span class='ocrx_word' id='word_1_411' title='bbox 774 2204 954 2244; x_wconf 69' lang='lat' dir='ltr'><strong>perierunt,</strong></span> <span class='ocrx_word' id='word_1_412' title='bbox 981 2203 1037 2233; x_wconf 91' lang='lat' dir='ltr'><strong>sed</strong></span> <span class='ocrx_word' id='word_1_413' title='bbox 1063 2204 1138 2244; x_wconf 89' lang='lat' dir='ltr'><strong>quia</strong></span> <span class='ocrx_word' id='word_1_414' title='bbox 1163 2215 1259 2245; x_wconf 89' lang='lat' dir='ltr'><strong>super</strong></span> <span class='ocrx_word' id='word_1_415' title='bbox 1282 2203 1414 2234; x_wconf 88' lang='lat' dir='ltr'><strong>flumina</strong></span> <span class='ocrx_word' id='word_1_416' title='bbox 1430 2203 1598 2234; x_wconf 86' lang='lat' dir='ltr'><strong>Babilonis</strong></span> <span class='ocrx_word' id='word_1_417' title='bbox 1623 2215 1685 2235; x_wconf 90' lang='lat' dir='ltr'><strong>non</strong></span> <span class='ocrx_word' id='word_1_418' title='bbox 1711 2209 1758 2234; x_wconf 87' lang='lat' dir='ltr'><strong>est</strong></span> <span class='ocrx_word' id='word_1_419' title='bbox 1782 2209 1851 2234; x_wconf 86' lang='lat' dir='ltr'><strong>tuta</strong></span> <span class='ocrx_word' id='word_1_420' title='bbox 1875 2203 1975 2234; x_wconf 85' lang='lat' dir='ltr'><strong>sessio</strong></span> <span class='ocrx_word' id='word_1_421' title='bbox 1999 2214 2104 2245; x_wconf 90' lang='lat' dir='ltr'><strong>neque</strong></span> 
     </span>
     <span class='ocr_line' id='line_1_47' title="bbox 619 2255 2104 2298; baseline 0 -12"><span class='ocrx_word' id='word_1_422' title='bbox 619 2257 650 2286; x_wconf 92' lang='lat' dir='ltr'><strong>in</strong></span> <span class='ocrx_word' id='word_1_423' title='bbox 675 2255 834 2286; x_wconf 83' lang='lat' dir='ltr'><strong>littoribus</strong></span> <span class='ocrx_word' id='word_1_424' title='bbox 859 2256 1045 2286; x_wconf 86' lang='lat' dir='ltr'><strong>eorumdem</strong></span> <span class='ocrx_word' id='word_1_425' title='bbox 1063 2255 1239 2295; x_wconf 82' lang='lat' dir='ltr'><strong>fluminum,</strong></span> <span class='ocrx_word' id='word_1_426' title='bbox 1258 2262 1367 2298; x_wconf 89' lang='lat' dir='ltr'><strong>utpote</strong></span> <span class='ocrx_word' id='word_1_427' title='bbox 1388 2257 1522 2288; x_wconf 86' lang='lat' dir='ltr'><strong>multum</strong></span> <span class='ocrx_word' id='word_1_428' title='bbox 1546 2257 1668 2294; x_wconf 82' lang='lat' dir='ltr'><strong>lutosis,</strong></span> <span class='ocrx_word' id='word_1_429' title='bbox 1694 2262 1742 2287; x_wconf 87' lang='lat' dir='ltr'><strong>est</strong></span> <span class='ocrx_word' id='word_1_430' title='bbox 1766 2256 1831 2287; x_wconf 82' lang='lat' dir='ltr'><strong>fida</strong></span> <span class='ocrx_word' id='word_1_431' title='bbox 1855 2257 1959 2292; x_wconf 67' lang='lat' dir='ltr'><strong>statio,</strong></span> <span class='ocrx_word' id='word_1_432' title='bbox 1985 2267 2104 2298; x_wconf 84' lang='lat' dir='ltr'><strong>nequa-</strong></span> 
     </span>
     <span class='ocr_line' id='line_1_48' title="bbox 619 2308 2105 2350; baseline 0.001 -12"><span class='ocrx_word' id='word_1_433' title='bbox 619 2321 714 2350; x_wconf 80' lang='lat' dir='ltr'><strong>quam</strong></span> <span class='ocrx_word' id='word_1_434' title='bbox 740 2309 943 2339; x_wconf 79' lang='lat' dir='ltr'><strong>commendat</strong></span> <span class='ocrx_word' id='word_1_435' title='bbox 967 2309 1069 2350; x_wconf 86' lang='lat' dir='ltr'><strong>ipsam</strong></span> <span class='ocrx_word' id='word_1_436' title='bbox 1092 2308 1282 2340; x_wconf 85' lang='lat' dir='ltr'><strong>Babilonem</strong></span> <span class='ocrx_word' id='word_1_437' title='bbox 1307 2309 1464 2341; x_wconf 88' lang='lat' dir='ltr'><strong>bonorum</strong></span> <span class='ocrx_word' id='word_1_438' title='bbox 1489 2310 1553 2341; x_wconf 92' lang='lat' dir='ltr'><strong>illic</strong></span> <span class='ocrx_word' id='word_1_439' title='bbox 1578 2310 1661 2341; x_wconf 91' lang='lat' dir='ltr'><strong>bene</strong></span> <span class='ocrx_word' id='word_1_440' title='bbox 1687 2315 1760 2341; x_wconf 85' lang='lat' dir='ltr'><strong>aeta</strong></span> <span class='ocrx_word' id='word_1_441' title='bbox 1785 2310 1997 2348; x_wconf 70' lang='lat' dir='ltr'><strong>conversatio,</strong></span> <span class='ocrx_word' id='word_1_442' title='bbox 2023 2309 2105 2340; x_wconf 79' lang='lat' dir='ltr'><strong>sicut</strong></span> 
     </span>
     <span class='ocr_line' id='line_1_49' title="bbox 618 2362 2103 2405; baseline 0.001 -13"><span class='ocrx_word' id='word_1_443' title='bbox 618 2373 677 2392; x_wconf 90' lang='lat' dir='ltr'><strong>nec</strong></span> <span class='ocrx_word' id='word_1_444' title='bbox 703 2362 922 2392; x_wconf 79' lang='lat' dir='ltr'><strong>Icrosolimam</strong></span> <span class='ocrx_word' id='word_1_445' title='bbox 954 2362 1085 2392; x_wconf 83' lang='lat' dir='ltr'><strong>damnat</strong></span> <span class='ocrx_word' id='word_1_446' title='bbox 1115 2373 1288 2403; x_wconf 86' lang='lat' dir='ltr'><strong>pravorum</strong></span> <span class='ocrx_word' id='word_1_447' title='bbox 1321 2363 1521 2403; x_wconf 86' lang='lat' dir='ltr'><strong>inhabitatio,</strong></span> <span class='ocrx_word' id='word_1_448' title='bbox 1554 2364 1724 2405; x_wconf 87' lang='lat' dir='ltr'><strong>quominus</strong></span> <span class='ocrx_word' id='word_1_449' title='bbox 1756 2363 1795 2394; x_wconf 89' lang='lat' dir='ltr'><strong>de</strong></span> <span class='ocrx_word' id='word_1_450' title='bbox 1828 2363 1940 2393; x_wconf 88' lang='lat' dir='ltr'><strong>harum</strong></span> <span class='ocrx_word' id='word_1_451' title='bbox 1969 2362 2103 2393; x_wconf 86' lang='lat' dir='ltr'><strong>duarum</strong></span> 
     </span>
     <span class='ocr_line' id='line_1_50' title="bbox 618 2414 2103 2456; baseline 0.001 -11"><span class='ocrx_word' id='word_1_452' title='bbox 618 2416 783 2445; x_wconf 74' lang='lat' dir='ltr'><strong>civitatum</strong></span> <span class='ocrx_word' id='word_1_453' title='bbox 805 2415 906 2445; x_wconf 85' lang='lat' dir='ltr'><strong>altera</strong></span> <span class='ocrx_word' id='word_1_454' title='bbox 923 2414 1064 2445; x_wconf 81' lang='lat' dir='ltr'><strong>dicatur:</strong></span> <span class='ocrx_word' id='word_1_455' title='bbox 1090 2415 1187 2445; x_wconf 86' lang='lat' dir='ltr'><strong>Exite</strong></span> <span class='ocrx_word' id='word_1_456' title='bbox 1212 2416 1303 2446; x_wconf 86' lang='lat' dir='ltr'><strong>inde:</strong></span> <span class='ocrx_word' id='word_1_457' title='bbox 1330 2416 1369 2447; x_wconf 86' lang='lat' dir='ltr'><strong>de</strong></span> <span class='ocrx_word' id='word_1_458' title='bbox 1395 2416 1496 2447; x_wconf 88' lang='lat' dir='ltr'><strong>altera</strong></span> <span class='ocrx_word' id='word_1_459' title='bbox 1512 2427 1599 2456; x_wconf 85' lang='lat' dir='ltr'><strong>vero,</strong></span> <span class='ocrx_word' id='word_1_460' title='bbox 1628 2417 1702 2448; x_wconf 67' lang='lat' dir='ltr'><strong>illuc</strong></span> <span class='ocrx_word' id='word_1_461' title='bbox 1726 2429 1797 2447; x_wconf 64' lang='grc' dir='ltr'><strong>’118νο</strong></span> <span class='ocrx_word' id='word_1_462' title='bbox 1821 2416 2026 2447; x_wconf 72' lang='lat' dir='ltr'><strong>ascenderunt</strong></span> <span class='ocrx_word' id='word_1_463' title='bbox 2048 2416 2103 2447; x_wconf 71' lang='lat' dir='ltr'><strong>tri-</strong></span> 
     </span>
     <span class='ocr_line' id='line_1_51' title="bbox 619 2468 2102 2511; baseline 0.001 -15"><span class='ocrx_word' id='word_1_464' title='bbox 619 2470 683 2506; x_wconf 72' lang='lat' dir='ltr'><strong>hus,</strong></span> <span class='ocrx_word' id='word_1_465' title='bbox 716 2470 813 2498; x_wconf 71' lang='lat' dir='ltr'><strong>trae&#39;lms</strong></span> <span class='ocrx_word' id='word_1_466' title='bbox 839 2468 973 2498; x_wconf 68' lang='lat' dir='ltr'><strong>Drmm&#39;m&#39;</strong></span> <span class='ocrx_word' id='word_1_467' title='bbox 1001 2468 1044 2498; x_wconf 74' lang='lat' dir='ltr'><strong>ml</strong></span> <span class='ocrx_word' id='word_1_468' title='bbox 1074 2469 1277 2510; x_wconf 56' lang='lat' dir='ltr'><strong>‹·‹1n47‘itendmn</strong></span> <span class='ocrx_word' id='word_1_469' title='bbox 1311 2471 1432 2500; x_wconf 72' lang='lat' dir='ltr'><strong>nomz&#39;m&#39;</strong></span> <span class='ocrx_word' id='word_1_470' title='bbox 1455 2470 1596 2508; x_wconf 67' lang='lat' dir='ltr'><strong>Domini,</strong></span> <span class='ocrx_word' id='word_1_471' title='bbox 1629 2474 1725 2511; x_wconf 77' lang='lat' dir='ltr'><strong>atque</strong></span> <span class='ocrx_word' id='word_1_472' title='bbox 1756 2469 1829 2500; x_wconf 79' lang='lat' dir='ltr'><strong>ideo</strong></span> <span class='ocrx_word' id='word_1_473' title='bbox 1860 2480 1924 2499; x_wconf 85' lang='grc'><strong>11011</strong></span> <span class='ocrx_word' id='word_1_474' title='bbox 1955 2469 2102 2499; x_wconf 84' lang='lat' dir='ltr'><strong>inmerito</strong></span> 
     </span>
     <span class='ocr_line' id='line_1_52' title="bbox 617 2520 2102 2564; baseline 0.001 -13"><span class='ocrx_word' id='word_1_475' title='bbox 617 2521 805 2561; x_wconf 70' lang='lat' dir='ltr'><strong>gaudemus,</strong></span> <span class='ocrx_word' id='word_1_476' title='bbox 836 2520 1020 2562; x_wconf 84' lang='lat' dir='ltr'><strong>ubicunque</strong></span> <span class='ocrx_word' id='word_1_477' title='bbox 1053 2521 1262 2562; x_wconf 82' lang='lat' dir='ltr'><strong>irregularem</strong></span> <span class='ocrx_word' id='word_1_478' title='bbox 1294 2521 1434 2563; x_wconf 86' lang='lat' dir='ltr'><strong>aliquam</strong></span> <span class='ocrx_word' id='word_1_479' title='bbox 1465 2523 1750 2564; x_wconf 86' lang='lat' dir='ltr'><strong>congregationem</strong></span> <span class='ocrx_word' id='word_1_480' title='bbox 1779 2522 1871 2564; x_wconf 87' lang='lat' dir='ltr'><strong>quasi</strong></span> <span class='ocrx_word' id='word_1_481' title='bbox 1898 2521 2102 2552; x_wconf 84' lang='lat' dir='ltr'><strong>Babiloniam</strong></span> 
     </span>
     <span class='ocr_line' id='line_1_53' title="bbox 617 2573 2101 2617; baseline 0.001 -13"><span class='ocrx_word' id='word_1_482' title='bbox 617 2574 749 2611; x_wconf 82' lang='lat' dir='ltr'><strong>destrui,</strong></span> <span class='ocrx_word' id='word_1_483' title='bbox 776 2579 807 2604; x_wconf 79' lang='lat' dir='ltr'><strong>ct</strong></span> <span class='ocrx_word' id='word_1_484' title='bbox 835 2573 873 2604; x_wconf 89' lang='lat' dir='ltr'><strong>de</strong></span> <span class='ocrx_word' id='word_1_485' title='bbox 898 2574 999 2615; x_wconf 86' lang='lat' dir='ltr'><strong>ipsius</strong></span> <span class='ocrx_word' id='word_1_486' title='bbox 1025 2574 1116 2615; x_wconf 82' lang='lat' dir='ltr'><strong>quasi</strong></span> <span class='ocrx_word' id='word_1_487' title='bbox 1148 2574 1333 2605; x_wconf 83' lang='lat' dir='ltr'><strong>melioribus</strong></span> <span class='ocrx_word' id='word_1_488' title='bbox 1364 2575 1526 2617; x_wconf 86' lang='lat' dir='ltr'><strong>lapidibus</strong></span> <span class='ocrx_word' id='word_1_489' title='bbox 1551 2575 1726 2606; x_wconf 86' lang='lat' dir='ltr'><strong>Ierusalem</strong></span> <span class='ocrx_word' id='word_1_490' title='bbox 1758 2575 1790 2605; x_wconf 89' lang='lat' dir='ltr'><strong>in</strong></span> <span class='ocrx_word' id='word_1_491' title='bbox 1815 2575 1991 2606; x_wconf 87' lang='lat' dir='ltr'><strong>communis</strong></span> <span class='ocrx_word' id='word_1_492' title='bbox 2016 2575 2101 2605; x_wconf 83' lang='lat' dir='ltr'><strong>vitae</strong></span> 
     </span>
    </p>
   </div>
   <div class='ocr_carea' id='block_1_11' title="bbox 2129 779 2153 798">
    <p class='ocr_par' dir='ltr' id='par_1_11' title="bbox 2129 779 2153 798">
     <span class='ocr_line' id='line_1_54' title="bbox 2129 779 2153 798; baseline 0 0"><span class='ocrx_word' id='word_1_493' title='bbox 2129 779 2153 798; x_wconf 89' lang='lat'><strong>10</strong></span> 
     </span>
    </p>
   </div>
   <div class='ocr_carea' id='block_1_12' title="bbox 2129 1044 2153 1063">
    <p class='ocr_par' dir='ltr' id='par_1_12' title="bbox 2129 1044 2153 1063">
     <span class='ocr_line' id='line_1_55' title="bbox 2129 1044 2153 1063; baseline 0 0"><span class='ocrx_word' id='word_1_494' title='bbox 2129 1044 2153 1063; x_wconf 82' lang='lat'><strong>15</strong></span> 
     </span>
    </p>
   </div>
   <div class='ocr_carea' id='block_1_13' title="bbox 2127 1311 2152 1330">
    <p class='ocr_par' dir='ltr' id='par_1_13' title="bbox 2127 1311 2152 1330">
     <span class='ocr_line' id='line_1_56' title="bbox 2127 1311 2152 1330; baseline 0.04 -1"><span class='ocrx_word' id='word_1_495' title='bbox 2127 1311 2152 1330; x_wconf 75' lang='lat'><strong>20</strong></span> 
     </span>
    </p>
   </div>
   <div class='ocr_carea' id='block_1_14' title="bbox 2126 1576 2151 1595">
    <p class='ocr_par' dir='ltr' id='par_1_14' title="bbox 2126 1576 2151 1595">
     <span class='ocr_line' id='line_1_57' title="bbox 2126 1576 2151 1595; baseline 0 0"><span class='ocrx_word' id='word_1_496' title='bbox 2126 1576 2151 1595; x_wconf 81' lang='lat'><strong>25</strong></span> 
     </span>
    </p>
   </div>
   <div class='ocr_carea' id='block_1_15' title="bbox 2126 1843 2150 1862">
    <p class='ocr_par' dir='ltr' id='par_1_15' title="bbox 2126 1843 2150 1862">
     <span class='ocr_line' id='line_1_58' title="bbox 2126 1843 2150 1862; baseline 0 0"><span class='ocrx_word' id='word_1_497' title='bbox 2126 1843 2150 1862; x_wconf 82' lang='lat'><strong>30</strong></span> 
     </span>
    </p>
   </div>
   <div class='ocr_carea' id='block_1_16' title="bbox 2125 2108 2149 2128">
    <p class='ocr_par' dir='ltr' id='par_1_16' title="bbox 2125 2108 2149 2128">
     <span class='ocr_line' id='line_1_59' title="bbox 2125 2108 2149 2128; baseline 0 0"><span class='ocrx_word' id='word_1_498' title='bbox 2125 2108 2149 2128; x_wconf 82' lang='lat'><strong>35</strong></span> 
     </span>
    </p>
   </div>
   <div class='ocr_carea' id='block_1_17' title="bbox 617 2626 2144 2670">
    <p class='ocr_par' dir='ltr' id='par_1_17' title="bbox 617 2626 2144 2670">
     <span class='ocr_line' id='line_1_60' title="bbox 617 2626 2144 2670; baseline 0.001 -13"><span class='ocrx_word' id='word_1_499' title='bbox 617 2627 853 2668; x_wconf 69' lang='lat' dir='ltr'><strong>reparationem</strong></span> <span class='ocrx_word' id='word_1_500' title='bbox 878 2626 1025 2657; x_wconf 73' lang='lat' dir='ltr'><strong>videmus</strong></span> <span class='ocrx_word' id='word_1_501' title='bbox 1051 2626 1205 2657; x_wconf 87' lang='lat' dir='ltr'><strong>edificari.</strong></span> <span class='ocrx_word' id='word_1_502' title='bbox 1255 2626 1453 2664; x_wconf 78' lang='lat' dir='ltr'><strong>Gaudemus,</strong></span> <span class='ocrx_word' id='word_1_503' title='bbox 1485 2629 1627 2670; x_wconf 87' lang='lat' dir='ltr'><strong>inquam,</strong></span> <span class='ocrx_word' id='word_1_504' title='bbox 1658 2634 1689 2659; x_wconf 91' lang='lat' dir='ltr'><strong>et</strong></span> <span class='ocrx_word' id='word_1_505' title='bbox 1716 2628 1866 2670; x_wconf 79' lang='lat' dir='ltr'><strong>petimuS,</strong></span> <span class='ocrx_word' id='word_1_506' title='bbox 1890 2633 1926 2658; x_wconf 92' lang='lat' dir='ltr'><strong>ut</strong></span> <span class='ocrx_word' id='word_1_507' title='bbox 1949 2627 2100 2669; x_wconf 86' lang='lat' dir='ltr'><strong>gaudium</strong></span> <span class='ocrx_word' id='word_1_508' title='bbox 2120 2638 2144 2658; x_wconf 77' lang='lat'><strong>4⁵</strong></span> 
     </span>
    </p>
   </div>
   <div class='ocr_carea' id='block_1_18' title="bbox 616 2679 1780 2721">
    <p class='ocr_par' dir='ltr' id='par_1_18' title="bbox 616 2679 1780 2721">
     <span class='ocr_line' id='line_1_61' title="bbox 616 2679 1780 2721; baseline 0.002 -11"><span class='ocrx_word' id='word_1_509' title='bbox 616 2685 759 2710; x_wconf 84' lang='lat' dir='ltr'><strong>nostrum</strong></span> <span class='ocrx_word' id='word_1_510' title='bbox 786 2680 825 2709; x_wconf 67' lang='lat' dir='ltr'><strong>sit</strong></span> <span class='ocrx_word' id='word_1_511' title='bbox 851 2679 979 2720; x_wconf 84' lang='lat' dir='ltr'><strong>plenum</strong></span> <span class='ocrx_word' id='word_1_512' title='bbox 1005 2691 1063 2721; x_wconf 88' lang='lat' dir='ltr'><strong>per</strong></span> <span class='ocrx_word' id='word_1_513' title='bbox 1087 2680 1249 2710; x_wconf 70' lang='lat' dir='ltr'><strong>Christum</strong></span> <span class='ocrx_word' id='word_1_514' title='bbox 1275 2680 1438 2711; x_wconf 86' lang='lat' dir='ltr'><strong>dominum</strong></span> <span class='ocrx_word' id='word_1_515' title='bbox 1464 2687 1617 2712; x_wconf 85' lang='lat' dir='ltr'><strong>nostrum.</strong></span> <span class='ocrx_word' id='word_1_516' title='bbox 1665 2681 1780 2712; x_wconf 87' lang='lat' dir='ltr'><strong>Amen.</strong></span> 
     </span>
    </p>
   </div>
   <div class='ocr_carea' id='block_1_19' title="bbox 564 2753 1543 2784">
    <p class='ocr_par' dir='ltr' id='par_1_19' title="bbox 564 2753 1543 2784">
     <span class='ocr_line' id='line_1_62' title="bbox 564 2753 1543 2784; baseline 0.005 -11"><span class='ocrx_word' id='word_1_517' title='bbox 564 2754 589 2776; x_wconf 73' lang='lat' dir='ltr'><strong>a]</strong></span> <span class='ocrx_word' id='word_1_518' title='bbox 612 2753 676 2776; x_wconf 60' lang='lat' dir='ltr'><strong>dom!</strong></span> <span class='ocrx_word' id='word_1_519' title='bbox 697 2754 719 2777; x_wconf 85' lang='lat'><strong>3.</strong></span> <span class='ocrx_word' id='word_1_520' title='bbox 795 2754 821 2775; x_wconf 71' lang='lat' dir='ltr'><strong>h&gt;</strong></span> <span class='ocrx_word' id='word_1_521' title='bbox 843 2753 881 2775; x_wconf 67' lang='lat' dir='ltr'><strong>lai«v</strong></span> <span class='ocrx_word' id='word_1_522' title='bbox 900 2753 1019 2784; x_wconf 68' lang='lat' dir='ltr'><strong>quaedam</strong></span> <span class='ocrx_word' id='word_1_523' title='bbox 1040 2758 1155 2784; x_wconf 64' lang='lat' dir='ltr'><strong>ren-rupta</strong></span> <span class='ocrx_word' id='word_1_524' title='bbox 1176 2762 1223 2777; x_wconf 57' lang='lat' dir='ltr'><strong>esst:</strong></span> <span class='ocrx_word' id='word_1_525' title='bbox 1240 2758 1316 2784; x_wconf 58' lang='lat' dir='ltr'><strong>[statvs.</strong></span> <span class='ocrx_word' id='word_1_526' title='bbox 1391 2760 1414 2777; x_wconf 81' lang='grc' dir='ltr'><strong>(·Ι</strong></span> <span class='ocrx_word' id='word_1_527' title='bbox 1440 2755 1454 2778; x_wconf 94' lang='grc' dir='ltr'><strong>Ι.</strong></span> <span class='ocrx_word' id='word_1_528' title='bbox 1475 2763 1499 2778; x_wconf 85' lang='grc' dir='ltr'><strong>ιι.</strong></span> <span class='ocrx_word' id='word_1_529' title='bbox 1521 2757 1543 2778; x_wconf 71' lang='grc'><strong>3.</strong></span> 
     </span>
    </p>
   </div>
   <div class='ocr_carea' id='block_1_20' title="bbox 568 2815 2100 2854">
    <p class='ocr_par' dir='ltr' id='par_1_20' title="bbox 568 2815 2100 2854">
     <span class='ocr_line' id='line_1_63' title="bbox 568 2815 2100 2854; baseline 0.001 -12"><span class='ocrx_word' id='word_1_530' title='bbox 568 2817 593 2842; x_wconf 73' lang='grc'><strong>11</strong></span> <span class='ocrx_word' id='word_1_531' title='bbox 622 2816 653 2842; x_wconf 84' lang='grc' dir='ltr'><strong>Λ.</strong></span> <span class='ocrx_word' id='word_1_532' title='bbox 677 2816 768 2849; x_wconf 68' lang='lat'><strong>1133,</strong></span> <span class='ocrx_word' id='word_1_533' title='bbox 796 2816 878 2852; x_wconf 66' lang='lat' dir='ltr'><strong>April</strong></span> <span class='ocrx_word' id='word_1_534' title='bbox 895 2816 933 2841; x_wconf 73' lang='lat'><strong>30</strong></span> <span class='ocrx_word' id='word_1_535' title='bbox 957 2832 997 2835; x_wconf 92' lang='lat'>—</span> <span class='ocrx_word' id='word_1_536' title='bbox 1016 2816 1078 2843; x_wconf 69' lang='lat' dir='ltr'><strong>Iuni</strong></span> <span class='ocrx_word' id='word_1_537' title='bbox 1098 2817 1133 2845; x_wconf 69' lang='lat'><strong>8:</strong></span> <span class='ocrx_word' id='word_1_538' title='bbox 1159 2817 1197 2851; x_wconf 72' lang='lat' dir='ltr'><strong>tf.</strong></span> <span class='ocrx_word' id='word_1_539' title='bbox 1225 2817 1314 2850; x_wconf 70' lang='lat' dir='ltr'><strong>Barlz,</strong></span> <span class='ocrx_word' id='word_1_540' title='bbox 1341 2816 1474 2844; x_wconf 51' lang='lat' dir='ltr'><strong>*Ovs-terr.</strong></span> <span class='ocrx_word' id='word_1_541' title='bbox 1497 2818 1752 2854; x_wconf 63' lang='lat' dir='ltr'><strong>Vierteljalzrsvlzr.¹</strong></span> <span class='ocrx_word' id='word_1_542' title='bbox 1779 2818 1826 2844; x_wconf 90' lang='lat' dir='ltr'><strong>IV</strong></span> <span class='ocrx_word' id='word_1_543' title='bbox 1847 2815 1971 2853; x_wconf 76' lang='lat'><strong>(1865),</strong></span> <span class='ocrx_word' id='word_1_544' title='bbox 1992 2827 2024 2854; x_wconf 77' lang='lat' dir='ltr'><strong>p.</strong></span> <span class='ocrx_word' id='word_1_545' title='bbox 2043 2816 2100 2850; x_wconf 88' lang='lat'><strong>33;</strong></span> 
     </span>
    </p>
   </div>
   <div class='ocr_carea' id='block_1_21' title="bbox 2227 2693 2233 2737">
    <p class='ocr_par' dir='ltr' id='par_1_21' title="bbox 2227 2693 2233 2737">
     <span class='ocr_line' id='line_1_64' title="bbox 2227 2693 2233 2737; baseline 0 0"><span class='ocrx_word' id='word_1_546' title='bbox 2227 2693 2233 2737; x_wconf 76' lang='grc'><strong>1</strong></span> 
     </span>
    </p>
   </div>
   <div class='ocr_carea' id='block_1_22' title="bbox 2159 2751 2233 2866">
    <p class='ocr_par' dir='ltr' id='par_1_22' title="bbox 2159 2741 2233 2866">
     <span class='ocr_line' id='line_1_65' title="bbox 2159 2751 2233 2866; baseline 0 -11"><span class='ocrx_word' id='word_1_547' title='bbox 2159 2751 2233 2866; x_wconf 70' lang='lat' dir='ltr'><strong>,sl</strong></span> 
     </span>
    </p>
   </div>
   <div class='ocr_carea' id='block_1_23' title="bbox 457 2869 2230 3060">
    <p class='ocr_par' dir='ltr' id='par_1_23' title="bbox 457 2869 2230 3060">
     <span class='ocr_line' id='line_1_66' title="bbox 457 2869 2230 3060; baseline 0 -164"><span class='ocrx_word' id='word_1_548' title='bbox 457 2869 566 2896; x_wconf 65' lang='lat' dir='ltr'><strong>Jaksvlz</strong></span> <span class='ocrx_word' id='word_1_549' title='bbox 591 2869 617 2895; x_wconf 78' lang='grc' dir='ltr'><strong>ῐη</strong></span> <span class='ocrx_word' id='word_1_550' title='bbox 637 2869 776 2896; x_wconf 60' lang='lat' dir='ltr'><strong>‘Mittheik</strong></span> <span class='ocrx_word' id='word_1_551' title='bbox 796 2870 842 2896; x_wconf 62' lang='lat' dir='ltr'><strong>tlvs</strong></span> <span class='ocrx_word' id='word_1_552' title='bbox 859 2872 956 2896; x_wconf 65' lang='lat' dir='ltr'><strong>‘&#39;ister-r.</strong></span> <span class='ocrx_word' id='word_1_553' title='bbox 976 2869 1112 2896; x_wconf 49' lang='lat' dir='ltr'><strong>instituas-¹</strong></span> <span class='ocrx_word' id='word_1_554' title='bbox 1138 2870 1183 2899; x_wconf 70' lang='lat' dir='ltr'><strong>I&#39;I,</strong></span> <span class='ocrx_word' id='word_1_555' title='bbox 1205 2880 1236 2906; x_wconf 72' lang='lat' dir='ltr'><strong>p.</strong></span> <span class='ocrx_word' id='word_1_556' title='bbox 1256 2870 1327 2903; x_wconf 77' lang='lat'><strong>⁶259,</strong></span> <span class='ocrx_word' id='word_1_557' title='bbox 1354 2880 1380 2897; x_wconf 79' lang='grc' dir='ltr'><strong>η.</strong></span> <span class='ocrx_word' id='word_1_558' title='bbox 1401 2871 1428 2896; x_wconf 83' lang='lat'><strong>5.</strong></span> <span class='ocrx_word' id='word_1_559' title='bbox 1463 2871 1490 2897; x_wconf 65' lang='grc' dir='ltr'><strong>Γ.</strong></span> <span class='ocrx_word' id='word_1_560' title='bbox 1511 2871 1587 2907; x_wconf 72' lang='lat' dir='ltr'><strong>epist.</strong></span> <span class='ocrx_word' id='word_1_561' title='bbox 1608 2871 1663 2902; x_wconf 74' lang='lat' dir='ltr'><strong>2l‚·</strong></span> <span class='ocrx_word' id='word_1_562' title='bbox 1688 2870 1790 2899; x_wconf 66' lang='lat' dir='ltr'><strong>Comme.</strong></span> <span class='ocrx_word' id='word_1_563' title='bbox 1812 2871 1840 2898; x_wconf 79' lang='lat' dir='ltr'><strong>in</strong></span> <span class='ocrx_word' id='word_1_564' title='bbox 1852 2881 1898 2907; x_wconf 76' lang='lat' dir='ltr'><strong>ps.</strong></span> <span class='ocrx_word' id='word_1_565' title='bbox 1914 2870 1964 2904; x_wconf 81' lang='grc'><strong>64,</strong></span> <span class='ocrx_word' id='word_1_566' title='bbox 1990 2880 2012 2897; x_wconf 78' lang='lat' dir='ltr'><strong>c.</strong></span> <span class='ocrx_word' id='word_1_567' title='bbox 2030 2870 2099 2896; x_wconf 82' lang='grc'><strong>147.</strong></span> <span class='ocrx_word' id='word_1_568' title='bbox 2184 2880 2186 2908; x_wconf 44' lang='lat' dir='ltr'><strong>J</strong></span> <span class='ocrx_word' id='word_1_569' title='bbox 2219 2874 2230 3060; x_wconf 47' lang='grc'><strong>1</strong></span> 
     </span>
     <span class='ocr_line' id='line_1_67' title="bbox 2216 3016 2219 3030; baseline 0 0"><span class='ocrx_word' id='word_1_570' title='bbox 2216 3016 2219 3030; x_wconf 68' lang='lat' dir='ltr'><strong>l</strong></span> 
     </span>
    </p>
   </div>
  </div>
 </body>
</html>
