2233 3252
409 203 469 231 :324
699 203 876 229 GERHOHI
901 202 1133 228 PRAEPOSITI
1159 201 1565 228 REICHERSBERGENSIS
1590 200 1754 227 LIBELLI.
2229 192 2233 223 ⁴.

894 296 943 325 17.
982 294 1360 325 Abhominationes
1386 294 1570 324 maxime.

262 373 387 391 mnan-:2
518 359 555 388 lit
581 359 656 399 quia.
687 358 726 388 dc
752 356 991 387 abominatione
1021 356 1228 387 desolationis
1260 357 1292 386 in
1317 356 1386 386 loco
1420 361 1530 386 saneto
1563 359 1704 385 statuta³
1734 354 1906 396 loquimur,
1938 354 2058 385 abomi-

408 412 506 442 nandi
532 423 593 441 non
620 411 748 443 crimus,
774 410 799 440 si
824 410 930 440 adhue
954 409 1123 451 loquannu·
1141 409 1397 439 abominationes
1422 409 1559 438 maiores
1580 407 1639 438 his.
1676 407 1749 438 Nox
1768 413 1836 438 erat
1853 413 2059 438 sacrosancta

409 465 522 495 natalis
555 464 693 496 l)omini,
726 464 758 493 in
789 474 851 504 qua
884 462 1077 503 sollempnes
1109 473 1216 503 agere,
1248 467 1282 492 ut
1313 466 1423 492 notum
1456 466 1512 499 cst,
1542 460 1670 502 vigilias
1702 460 1899 501 interpositis
1931 471 2058 502 quoque

410 518 576 547 missarum
603 516 799 557 sollempniis
824 516 976 545 universa
1002 514 1121 546 Christi
1151 515 1319 545 consuevit
1345 514 1492 545 ccclesia.
1540 514 1579 544 In
1603 513 1663 544 hac.
1689 514 1717 544 ei
1743 513 1937 555 sollempnes
1961 524 2058 555 agere
2079 526 2091 544 5

410 570 536 600 diabolo
562 569 689 610 vigilias
715 568 897 599 christianis
922 568 1042 609 vigiliis
1074 568 1203 598 onmino
1230 568 1407 598 contrarias
1440 578 1481 597 ex
1507 566 1699 597 daemonum
1732 566 1809 597 haut
1840 565 1937 597 dubie.
1963 577 2060 597 suasu

410 622 612 664 complzwuit.
639 622 670 651 in
696 621 811 662 quibus
837 630 867 651 ct
892 621 1086 651 sacrificium
1112 620 1285 651 christiano
1312 620 1470 651 sacrificio
1495 620 1622 661 penitus
1648 619 1844 650 eontrarium
1868 619 1938 650 loeo
1963 620 2059 650 misse

410 676 551 706 inseruit.
589 675 711 705 Aderat
736 674 781 704 ibi
806 674 1042 716 impudicorum
1060 685 1140 715 grex
1166 685 1207 703 ex
1225 674 1350 704 clericis
1377 680 1407 703 et
1431 673 1522 703 laicis
1548 672 1708 703 adunatus
1733 672 1878 714 singulis,
1898 678 1933 703 ut
1949 672 2059 712 fertur,

411 728 540 770 psalmis
566 735 596 758 et
620 727 813 758 lectismibus
839 733 944 757 scorta
976 728 1181 757 interserens.
1230 726 1295 756 Ubi
1320 737 1397 756 vero
1430 726 1471 756 ad
1495 726 1591 756 misse
1618 731 1648 756 et
1673 725 1824 756 sacrificii
1854 725 1960 756 locum
1984 737 2060 756 ven-

411 790 476 812 tum
494 788 550 813 cst,
569 781 674 811 omnia
692 781 820 811 inverse
846 786 877 811 et
901 791 1054 821 perverse
1080 791 1117 810 ae
1143 780 1306 810 sanctitati
1324 779 1485 810 contraria
1502 778 1708 820 gerebantur,
1734 779 1779 809 ita
1803 784 1837 809 ut
1860 790 1918 820 pro
1943 778 2061 809 osculis
2082 791 2106 809 10

412 834 561 865 sacerdos
590 834 743 875 protimus
769 838 799 863 et
823 833 960 863 ministri
993 832 1140 873 sacrilegi
1174 832 1273 863 altare
1305 833 1483 874 p‹⁷›steriore
1509 833 1652 873 eorporis
1676 837 1768 874 parte
1792 831 1915 862 nudata
1940 832 2061 863 eontin-

411 895 532 929 gcrcnt.
571 886 662 925 Quae
688 886 732 916 ibi
758 898 872 927 spurce
899 885 1110 916 delibationes
1136 885 1242 916 oblate
1268 886 1330 915 sint
1355 896 1452 927 parco
1479 885 1597 924 dicere7
1622 896 1662 915 ne
1688 885 1850 916 dicentem
1873 884 1975 915 lector
1997 896 2062 915 una

412 952 483 971 cum
509 940 666 970 sacrificio
692 939 878 969 detestetur.
917 939 1034 969 Omnia
1059 945 1166 969 tamen
1191 938 1337 969 feruntur
1362 945 1522 979 spermate
1547 938 1686 969 humano
1712 938 1811 968 fuisse
1836 938 1955 969 sedata.
1984 937 2062 969 Vidi

413 1006 471 1035 ego
504 994 571 1034 ipsc
604 992 820 1034 episc-‹squilem
852 992 938 1022 illam
969 991 1127 1033 capellam
1158 992 1190 1022 in
1217 992 1347 1022 civitate
1372 991 1550 1033 Ratispona
1581 1002 1638 1033 pro
1670 991 1726 1022 tali
1758 991 1916 1022 sacrificio
1948 991 2061 1022 merito

238 1050 392 1087 sufficiam
414 1046 624 1088 protanatam.
660 1046 703 1076 Et
727 1045 804 1087 quid
829 1045 868 1075 de
894 1045 953 1075 hoe
979 1045 1120 1075 omnium
1145 1044 1378 1086 flagitioscmum
1403 1045 1567 1086 preposito
1593 1045 1785 1084 existimem7
1810 1045 1873 1075 nisi
1889 1044 2063 1086 Beelfegor
2083 1056 2107 1075 15

413 1111 470 1141 per
494 1101 598 1141 ipsum
616 1110 686 1129 esse
712 1103 977 1130 consummatum.
997 1109 1092 1139 quem
1110 1097 1236 1139 legitur.
1255 1098 1427 1139 quoniamb
1444 1097 1502 1128 filii
1519 1097 1619 1128 Israel
1643 1098 1675 1128 in
1694 1097 1820 1128 deserto
1846 1109 1918 1128 cum
1935 1097 2061 1128 filiabus

414 1152 543 1182 Madian
576 1159 649 1182 sunt.
680 1152 811 1181 iniciati.
859 1151 941 1181 Nam
967 1151 1114 1192 quamvis
1147 1152 1254 1181 munia
1286 1151 1345 1182 hec
1375 1157 1406 1181 et
1435 1151 1527 1192 plura
1552 1151 1611 1190 his,
1638 1156 1793 1192 quantum
1823 1151 1893 1181 fieri
1924 1156 2061 1192 poterat,

413 1205 601 1236 abscondite
633 1204 822 1245 agebantur,
855 1215 913 1245 per
938 1215 992 1234 eas
1024 1210 1130 1234 tamen
1162 1210 1334 1243 matronas,
1363 1215 1445 1246 quae
1477 1205 1576 1235 invite
1607 1210 1638 1235 et
1663 1204 1791 1246 captive
1823 1203 2063 1235 adhibebantur

413 1259 512 1289 sacris
537 1258 679 1295 nefariis,
704 1268 825 1299 perque
844 1258 953 1287 uxoris
971 1258 1100 1299 proprie
1118 1257 1265 1299 publicas
1283 1257 1413 1288 tandem
1432 1258 1649 1299 querimonias
1668 1257 1796 1288 detecta
1813 1262 1895 1288 sunt.
1932 1257 2062 1288 Etenim

413 1319 483 1353 post
500 1312 593 1341 unius
612 1311 742 1341 uxorisl
760 1310 892 1343 obitum,
919 1322 959 1341 ex
985 1322 1048 1352 qua
1073 1316 1104 1341 et
1128 1310 1246 1341 liberos
1272 1311 1376 1341 adhue
1403 1311 1490 1341 circa
1513 1311 1673 1352 principia
1698 1311 1789 1351 regni
1815 1311 1872 1348 sui,
1893 1316 1927 1341 111
1951 1310 2061 1350 fertur,
2082 1323 2108 1341 20

413 1365 576 1395 lmnestior
606 1364 738 1394 honeste
771 1370 957 1404 susceperat
969 1366 989 1401 ἕ,
1020 1375 1116 1405 quam
1141 1364 1301 1394 Dominus
1326 1376 1345 1394 a
1368 1364 1452 1394 facie
1484 1364 1578 1394 huius
1609 1364 1788 1405 iniquitatis
1820 1369 2002 1404 gementem
2032 1369 2063 1394 et

413 1417 573 1447 dolentem
591 1416 842 1447 111iserie‹1›1·diter
859 1416 999 1451 abstulit,
1025 1416 1121 1447 aliam
1139 1417 1224 1458 regis
1242 1417 1358 1448 Ruteni
1384 1417 1492 1451 filiam,
1517 1417 1646 1447 nomine
1665 1416 1833 1452 Gisilamss,
1859 1417 2061 1447 matrimonio

413 1471 505 1500 huius
537 1470 669 1500 misterii
700 1470 879 1511 iniquitatis
912 1470 1058 1511 ignaram
1091 1471 1227 1512 accepit.
1277 1470 1348 1509 Que
1373 1469 1428 1500 ubi
1454 1470 1628 1512 impietatis
1654 1469 1774 1500 cultum
1799 1470 1902 1511 primo
1934 1470 1966 1500 in
1991 1469 2061 1500 aliis

318 1537 391 1559 *1›.-.*.=..
413 1524 605 1564 tandcmque
630 1524 662 1553 in
684 1523 867 1564 ‘semetipsa
894 1534 951 1564 per
968 1523 1148 1564 impudicos
1174 1523 1332 1554 admissos
1350 1529 1485 1565 experta
1503 1529 1559 1561 est7
1584 1528 1658 1565 post
1681 1522 1847 1553 muliebris
1864 1522 2061 1553 verecundie

414 1576 611 1618 aliquamdiu
637 1582 765 1606 servata
790 1576 924 1613 silentia,
951 1576 1079 1618 quaudo
1105 1577 1168 1607 iam
1194 1577 1383 1618 patientiam
1408 1577 1619 1607 matremalem
1643 1577 1721 1607 vicit
1749 1576 1937 1617 magnitudo
1963 1575 2060 1607 scele-
2081 1588 2107 1606 25

414 1641 482 1659 rum
508 1630 609 1670 primo
634 1629 782 1659 fidelibus
808 1629 927 1660 Christi
953 1630 1114 1671 episcsquis
1140 1635 1170 1660 et
1195 1630 1417 1660 sacerdotibus
1450 1641 1516 1660 rem
1548 1630 1660 1671 pandit
1691 1630 1831 1671 fugeque
1863 1640 1900 1660 ac
1933 1640 2062 1671 separa-

413 1683 507 1712 tionis
532 1682 656 1712 occulte
682 1683 929 1723 oportunitatem
953 1683 1101 1724 queritat.
1150 1682 1295 1713 Instabat
1320 1684 1404 1714 inter
1428 1683 1487 1714 hee
1512 1683 1601 1725 regia
1625 1683 1782 1724 profectio
1808 1682 1847 1713 de
1866 1682 2060 1724 Cisalpinise

414 1735 557 1776 partibus
590 1736 620 1765 in
646 1735 909 1776 Longu›bardiam
941 1735 1109 1769 destinata,
1139 1748 1200 1778 quo
1233 1743 1263 1767 ct
1295 1737 1407 1777 regine
1433 1743 1630 1767 commeatus
1663 1735 1702 1766 ab
1732 1736 1923 1777 imperatore
1949 1747 2060 1777 quere-

413 1788 522 1821 batur:
556 1788 695 1829 dumquc
721 1788 773 1818 illa
799 1800 856 1829 pro
882 1789 987 1819 causis
1014 1789 1144 1830 quidem
1174 1789 1413 1823 secretioribus,
1439 1789 1575 1820 obtensa
1599 1800 1675 1819 vero
1701 1789 1899 1830 pregnantis,
1924 1794 1959 1819 ut
1983 1793 2060 1828 erat,

414 1841 595 1871 infirmitat(¹
628 1841 770 1871 laborem
795 1842 846 1872 vie
872 1841 1076 1878 detrectaret,
1103 1843 1245 1884 episcopi
1271 1854 1347 1873 vero
1377 1843 1499 1884 regine,
1524 1848 1559 1873 ut
1584 1848 1652 1873 erat
1680 1842 1750 1883 regi
1774 1842 1957 1883 placitumd,
1989 1853 2060 1883 pro·
2081 1854 2107 1872 ³0

413 1894 583 1924 sectionem
609 1894 790 1929 suaderent,
816 1894 868 1925 illa
894 1895 977 1925 inter
1001 1902 1110 1926 cetera.
1135 1896 1255 1926 dixisse
1280 1895 1468 1937 perhibetur
1492 1896 1575 1926 iusto
1601 1907 1634 1926 se
1659 1906 1804 1926 moerore
1830 1894 2060 1926 contabescere

413 1948 562 1988 viamque
587 1948 699 1978 merito
725 1947 914 1987 detrectare,
941 1960 1002 1989 que
1028 1960 1045 1978 a
1070 1949 1200 1990 proprio
1225 1950 1339 1979 marito
1365 1949 1409 1979 ita
1434 1950 1604 1990 prostituta
1629 1949 1678 1988 sit,
1703 1954 1738 1979 ut
1763 1949 1844 1979 seire
1869 1959 1933 1979 non
1950 1948 2059 1990 possit,

414 2012 453 2030 cx
480 2011 541 2041 quo
572 2000 694 2041 prolem
721 2002 915 2042 conceperit.
963 2002 1114 2032 Profecta
1144 2009 1251 2032 tamen
1284 2008 1332 2033 est
1363 2008 1459 2044 atque
1491 2003 1523 2032 in
1554 2002 1625 2043 ipsa
1648 2002 1702 2032 via
1727 2001 1928 2043 quorundam
1952 2001 2060 2031 Deum

413 2054 592 2083 timentium
617 2053 737 2083 auxilio
762 2054 871 2095 fugam
897 2055 1040 2096 arripuit.
1088 2055 1250 2096 Dumque,
1276 2055 1331 2086 ubi
1356 2061 1492 2096 poterat,
1518 2055 1721 2086 delitesceret
1745 2055 1850 2085 missis
1875 2054 1916 2085 ad
1937 2055 2059 2096 episco-

415 2117 470 2146 pos
493 2106 686 2137 (aerumniao
711 2106 824 2137 litteris
850 2119 964 2137 causas
989 2108 1085 2149 fugae
1111 2119 1148 2138 ac
1174 2109 1386 2150 separati‹1›nis
1411 2108 1542 2150 publica
1566 2108 1751 2138 manifestat
1775 2108 1975 2149 querimonia
1999 2107 2059 2138 sic·
2079 2119 2106 2138 35

414 2169 475 2199 que
508 2159 683 2200 iniquitatis
715 2160 901 2191 misterium.
932 2161 1017 2202 quod
1049 2162 1136 2202 prius
1166 2161 1335 2192 dicebatur
1365 2162 1398 2192 in
1422 2161 1575 2195 tenebris,
1606 2161 1691 2202 cepit
1722 2161 1754 2191 in
1779 2160 1850 2191 luce
1876 2166 1907 2191 et
1930 2160 2059 2202 publico

415 2211 487 2242 dici.
514 2218 666 2252 quantum
696 2218 801 2242 tamen
834 2212 982 2254 publicus
1014 2213 1142 2244 auditus
1173 2220 1299 2255 poterat
1331 2214 1511 2245 admittere.
1560 2215 1686 2255 Regina
1710 2225 1786 2244 vero
1817 2214 1851 2244 in
1874 2214 2004 2255 proprio
2029 2219 2061 2244 et

414 2265 517 2294 mariti
544 2264 693 2295 videlicet
719 2265 841 2295 dimissi
866 2277 965 2307 regno
990 2266 1111 2297 latendi
1141 2268 1346 2298 stwuritatcm
1378 2279 1441 2298 non
1466 2268 1635 2298 inveniens
1660 2268 1762 2309 primo
1795 2266 1835 2297 ad
1860 2267 2060 2308 Ungaricum

416 2328 558 2354 regnum,
586 2316 637 2347 ubi
663 2318 817 2358 quosdam
834 2324 984 2360 parentes
1010 2319 1159 2355 habebat,
1185 2320 1262 2361 fuga
1280 2320 1420 2351 devenit.
1458 2321 1610 2362 Dumque
1636 2326 1667 2351 et
1691 2320 1766 2350 inde
1791 2331 1862 2350 eam
1887 2320 2061 2361 imperator

414 2370 518 2399 missis
536 2371 653 2399 nuntiis
672 2371 833 2401 rctrahere
852 2371 1053 2408 destinasset,
1080 2373 1110 2402 in
1128 2373 1310 2408 Ruteniam,
1332 2373 1374 2404 ad
1390 2375 1531 2415 patrium
1547 2373 1701 2404 videlicet
1717 2384 1863 2414 regnum,
1881 2372 2059 2414 repedavit,
2079 2385 2108 2403 40

414 2421 467 2452 ubi
494 2422 651 2463 reliquum
676 2424 759 2454 vitae
785 2431 910 2465 tempus
940 2425 972 2454 in
998 2431 1109 2456 sancta
1132 2426 1289 2456 viduitate
1314 2427 1448 2468 peregit.
1496 2427 1567 2457 Rex
1591 2437 1668 2457 vero
1694 2431 1725 2457 et
1748 2426 1817 2467 ipse
1845 2426 1879 2456 in
1903 2436 1980 2456 suae
2006 2425 2060 2456 ob-

415 2475 577 2505 sccnitatis
604 2482 633 2505 ct
658 2476 830 2517 impietatis
856 2477 999 2518 nequitia
1017 2479 1237 2519 perseveravit
1256 2479 1426 2510 venditans
1453 2480 1658 2521 episcopatus
1684 2484 1715 2510 et
1740 2478 1938 2521 quibuslibet
1961 2478 2059 2520 turpi-

413 2527 473 2558 bus
497 2539 736 2569 nonnumquam
762 2528 801 2559 ob
827 2530 926 2571 ipsius
952 2531 1158 2571 turpitudinis
1184 2532 1329 2572 precium
1354 2532 1593 2563 ecclesiasticos
1618 2532 1760 2573 largiens
1785 2532 1932 2571 honores,
1958 2532 2003 2562 ita
2026 2536 2061 2562 ut

414 2581 444 2610 in
470 2581 576 2610 stratis
602 2592 728 2622 quoque
754 2581 942 2613 lectulorum
974 2583 1054 2613 inter
1082 2590 1188 2614 scorta
1219 2590 1250 2614 et
1280 2585 1363 2615 inter
1387 2586 1474 2627 ipsos
1502 2585 1737 2627 turpitudinum
1763 2585 1867 2615 socios
1892 2595 1930 2615 ac
1955 2584 2059 2615 socias

414 2633 582 2663 lasciviens
608 2633 734 2664 dicatur
759 2634 886 2665 cuidam
913 2636 1117 2677 episcopatus
1142 2637 1365 2668 investituram
1398 2649 1455 2679 per
1479 2638 1620 2678 anulum,
1646 2643 1681 2668 ut.
1705 2643 1774 2668 erat
1802 2638 1915 2679 turpis,
1944 2637 2059 2678 ttu·pis-
2077 2649 2106 2668 45

520 2733 545 2751 ay
568 2729 670 2747 statura
691 2734 709 2747 ν.
784 2726 811 2746 b>
835 2727 876 2756 qffi
897 2735 915 2748 c.
990 2732 1015 2752 c)
1039 2726 1148 2758 cisalpis
1168 2736 1187 2750 ιῑ.
1261 2728 1288 2753 (1)
1311 2727 1448 2759 placidum
1468 2738 1501 2757 ‹'.;
1521 2738 1564 2753 em.
1587 2728 1643 2752 Sch.

523 2805 549 2830 11
576 2804 688 2831 lxm-tae,
783 2806 811 2835 2)
846 2806 873 2832 1'.
899 2807 1041 2842 sequeutia
1067 2807 1148 2834 ιΨνύιι
1173 2813 1296 2835 assanda
1321 2809 1347 2835 [η
1374 2810 1448 2836 Ami.
1474 2809 1685 2846 Reivlznrsberq.
1711 2819 1739 2836 α.
1761 2808 1853 2843 10671
1880 2808 1933 2836 SS.
1959 2808 2058 2841 XVII,

409 2869 439 2892 st.
464 2857 535 2883 4⁴6.
630 2858 659 2883 3·
685 2858 843 2885 ,Atrlvlheiaelis
868 2860 909 2885 ml
932 2859 1074 2886 l’mseedis
1098 2860 1164 2887 (tlibi
1187 2861 1287 2887 rectius
1312 2861 1420 2888 dieitur.
