2233 3252
456 181 516 210 462
744 178 920 206 GERHoHI
948 176 1177 204 PRAEPOSITI
1201 173 1607 202 REICHERSBERGENSIS
1632 174 1796 200 LIBELLI.

455 287 535 318 quae
568 283 641 305 tune
674 285 691 304 a
724 278 880 314 potestate
913 270 1054 311 legitima
1087 269 1161 299 data
1190 268 1250 298 fnit
1281 269 1337 298 uni
1368 267 1629 297 aecclesiasticae
1661 276 1829 307 personae,
1858 267 2102 307 recognoscitur

454 340 537 359 nime
563 328 636 357 «lata
662 324 837 356 universali
861 323 1056 355 aecclesiae:
1090 328 1122 353 ut
1147 321 1299 352 videlicet
1324 321 1426 351 haeca
1451 331 1468 350 a
1494 330 1592 360 regno
1624 318 1686 349 sibi
1718 318 1832 350 collato
1858 324 1969 350 contra
1992 319 2100 351 hostes

454 381 570 412 habeat
595 387 734 410 armatos
752 378 923 409 ministros,
943 375 1058 417 quibus
1077 374 1270 405 aecclesiam
1287 372 1536 404 defendentibus
1554 372 1606 402 vel
1632 372 1820 413 episcopum
1844 383 1902 414 pro
1927 373 1976 404 sui
2000 372 2101 404 tutela

454 432 689 465 erunitantilms,
716 438 746 461 et,
777 430 815 460 dc
849 441 885 459 ca
911 440 993 470 quae
1026 435 1114 458 recta
1146 434 1218 457 sunt
1250 425 1446 461 iuvantibus,
1473 426 1599 456 etiamsi
1630 426 1819 467 contingant
1850 425 1890 456 ab
1923 425 1968 457 eis
1999 425 2100 457 homi-

454 487 547 517 cidia.
573 496 634 515 non
661 490 707 514 est
733 484 903 525 epis(·‹t›pus
929 481 1090 512 homicida
1114 481 1217 521 magis
1243 491 1339 521 quam
1357 479 1476 510 Paulus
1501 478 1664 520 apostolus
1691 477 1898 521 [homicidab]
1925 478 2048 518 fuisset,
2075 479 2101 509 si
2120 490 2132 509 5

455 541 485 570 in
517 539 616 580 ipsius
642 537 835 567 deductione
868 535 983 576 aliquis
1015 534 1152 564 hostium
1185 544 1312 563 suorum
1347 531 1603 574 [interemptusb]
1637 531 1818 562 cecidisset.
1865 532 1976 572 Porro,
2002 532 2028 562 si
2060 531 2101 563 ad

455 592 536 622 mala
562 591 697 631 neg-ocia
722 589 894 630 episcopus
920 587 1060 617 abutitur
1092 587 1156 617 suis
1188 586 1352 624 ministris,
1378 585 1446 626 ipsc
1480 585 1590 626 utique
1618 584 1782 615 homicida
1806 584 1953 624 efficitur,
1979 585 2005 616 si
2030 585 2100 627 quis

455 644 494 675 al)
520 645 564 674 eis
590 645 622 674 in
647 643 701 673 tali
726 642 901 673 ministerio
927 640 1132 670 interficitur:
1159 638 1333 680 quomodo
1360 649 1462 679 reges,
1489 637 1587 668 duces
1613 642 1644 668 et
1661 638 1793 668 comites
1814 637 1994 668 homicidae
2010 637 2100 671 fiunt.

366 712 433 729 azia,
455 699 479 728 si
505 697 626 738 absque
659 695 777 726 iudicio
810 701 840 725 et
869 694 995 724 iusticia
1022 693 1184 723 ‘homines
1217 691 1368 722 occidunt
1400 690 1450 721 vel
1484 690 1589 721 occidi
1620 690 1751 721 faciunt.
1799 690 1925 721 Eadem
1949 691 2102 722 videlicet

455 750 710 781 consideratione
735 749 818 778 inter
842 747 1032 777 christianos
1056 746 1244 776 muniuntur
1268 744 1407 786 quedam
1431 750 1535 774 turres
1561 743 1823 774 aecclesiasticae
1849 744 1945 774 armis
1975 749 2006 775 et
2030 755 2101 786 pro·
2123 756 2147 775 10

280 800 433 845 ,[ωῇζῃ-,Ι
455 802 661 845 pugnat-ulis:
687 812 744 843 pcr
769 811 851 842 quae
877 800 902 830 si
928 799 1034 829 hostes
1059 798 1238 829 aecclesiae
1264 797 1420 831 ledentur,
1447 797 1578 838 sanguis
1603 808 1713 827 eorum
1738 808 1835 838 super
1851 808 1905 828 eos
1931 797 1999 837 erit,
2026 797 2101 829 dum

456 857 581 898 propria
608 854 806 885 solummodo
830 853 982 894 iniqnitas
1008 858 1037 882 et
1063 851 1201 882 nocendi
1227 850 1366 881 aviditas
1391 849 1433 880 ad
1457 849 1533 880 talia
1558 861 1612 880 eos
1636 849 1780 891 impellit.

384 923 433 941 «fo.
559 908 632 939 Alia
666 918 742 937 sane
774 907 854 937 ratio
887 912 943 945 est,
970 916 1041 936 cum
1074 910 1216 946 potestas
1248 903 1405 937 ordinata,
1431 914 1508 933 suae
1540 902 1751 933 ordinationis
1783 903 1885 934 inscia
1908 903 1961 934 vel
1992 903 2101 941 oblita,

455 962 644 993 aecclesiam
676 960 896 1002 persequitur:
934 958 1006 991 alia,
1040 957 1168 999 quando
1200 968 1218 987 a
1250 957 1386 998 paganis
1419 957 1561 987 exterius
1590 956 1642 986 vel
1674 955 1713 986 ab
1746 957 1885 987 inimicis
1917 956 2102 988 domesticis

457 1016 588 1046 interius
613 1020 775 1055 gravatur.
822 1013 970 1043 Potestas
995 1012 1079 1042 enim
1105 1011 1248 1051 legitima
1272 1009 1323 1040 vel
1355 1009 1397 1040 ad
1422 1009 1633 1039 ordinationis
1658 1021 1734 1040 suae
1760 1009 1978 1040 obedientiam
2002 1009 2102 1040 verbo
2123 1021 2147 1040 15

457 1069 621 1099 doctrinae
647 1066 816 1105 dirigenda
843 1075 889 1096 est
915 1065 976 1097 vel,
1009 1065 1033 1095 si
1061 1064 1155 1105 dirigi
1181 1075 1243 1094 non
1268 1068 1383 1105 potest,
1409 1062 1508 1093 verbo
1539 1063 1881 1093 excommunicationis
1906 1062 2101 1104 frangenda3

457 1121 543 1151 salva
562 1121 684 1151 scilicet
702 1120 821 1150 unitate
840 1118 1028 1151 aecclesiae.
1051 1117 1127 1147 dum
1145 1128 1279 1158 regnum
1297 1116 1369 1147 Deo
1387 1115 1578 1147 inobediens
1597 1116 1762 1153 scinditur,
1782 1116 2053 1158 quemadmodum
2070 1117 2103 1147 in

282 1177 437 1218 1.1:.-,3's-L1›-·,1÷.
457 1174 552 1205 Saule
567 1174 728 1215 (wuntigit‘,
745 1173 795 1203 cui
810 1172 919 1202 David
936 1171 1039 1202 fidelis
1058 1172 1089 1201 in
1103 1181 1203 1211 regno
1221 1170 1387 1200 successit.
1410 1169 1511 1200 Porro
1530 1174 1712 1200 exterorum
1726 1169 1887 1200 forinseca
1903 1170 2102 1211 gravamina,

457 1228 531 1269 quia
549 1226 648 1257 verbo
666 1226 810 1257 doctrine
829 1224 1013 1255 submoveri
1031 1235 1094 1254 non
1112 1229 1255 1265 possunt,
1274 1223 1426 1264 quoniam
1447 1222 1486 1253 de
1505 1222 1553 1253 his
1571 1223 1625 1264 qui
1646 1222 1723 1253 foris
1741 1228 1814 1253 sunt
1833 1222 1999 1253 iudicandi
2016 1227 2102 1264 pote-

457 1286 570 1311 statem
602 1292 664 1310 non
691 1279 787 1310 habet
820 1278 988 1315 aecclesia,
1013 1276 1137 1307 viribus
1169 1276 1317 1307 humanis
1342 1287 1399 1317 per
1423 1287 1511 1306 arma
1537 1275 1694 1317 simulque
1720 1275 1837 1306 divinis
1861 1287 1920 1317 per
1943 1276 2104 1306 orationes
2123 1287 2149 1306 20

457 1334 597 1364 arcenda
622 1339 693 1363 sunt
718 1333 785 1362 iure
811 1338 874 1362 tam
897 1331 983 1362 civili
1009 1342 1103 1372 quam
1130 1329 1298 1371 imperiali.
1332 1329 1425 1368 Quae
1444 1329 1507 1359 duo
1525 1329 1592 1359 iura
1612 1328 1740 1370 quando
1765 1328 1827 1359 sibi
1851 1328 2049 1360 concordant
2072 1329 2105 1359 in

457 1386 633 1417 aecclesiae
651 1386 848 1417 defensione.
874 1383 1073 1426 principibus
1098 1390 1185 1414 recte
1211 1383 1366 1413 ordinatis
1393 1388 1424 1413 et
1448 1381 1573 1413 civibus
1598 1381 1681 1413 bene
1706 1383 1840 1424 pacatis,
1866 1381 1960 1413 facile
1985 1382 2105 1413 resistit

242 1438 435 1477 3⁷¹¹·‚³'¹¹‘“·i¹¹¹·l¹}²·
457 1440 613 1470 aecclesia
639 1437 935 1480 impugnationibus
961 1437 1129 1467 forinsecis
1155 1436 1204 1466 vel
1236 1447 1436 1478 paganorum
1461 1435 1513 1466 vel
1543 1436 1906 1466 excommunicatorum.
1953 1435 2104 1477 Denique

229 1472 424 1501 rathen-ovila
457 1493 556 1523 altero
578 1493 645 1523 iure
664 1492 782 1522 violato
801 1491 959 1522 aeeclesia
979 1496 1024 1521 est
1047 1491 1078 1520 in
1103 1489 1218 1531 grandi
1237 1489 1391 1531 pericula),
1416 1489 1477 1519 nisi
1498 1494 1551 1519 aut
1572 1488 1737 1530 imperiale
1758 1489 1806 1519 ius
1831 1500 1902 1519 eam
1927 1488 2104 1519 defendens

458 1546 545 1576 cives
559 1545 789 1576 tumultuantes
807 1545 970 1585 reprimat,
988 1543 1039 1573 vel
1058 1544 1177 1573 civium
1194 1543 1388 1573 unanimitas
1406 1543 1569 1584 principes
1586 1542 1828 1584 tyrannizantes
1846 1541 2005 1577 cohibeat,
2024 1541 2105 1572 sicut
2124 1553 2150 1572 25

458 1610 533 1640 sepe
567 1599 739 1639 csnitigisse
771 1605 901 1628 narrant
938 1597 1199 1627 aecclesiasticae
1236 1595 1409 1637 hystoriae.
1458 1595 1580 1626 Verum
1612 1601 1687 1626 tunc
1723 1596 1891 1626 imminent
1925 1595 2104 1626 aecclesiae

458 1653 578 1682 maiora
604 1651 756 1692 pericula,
783 1650 910 1692 quando
936 1661 1007 1680 eam
1032 1656 1151 1679 vexant
1177 1649 1327 1679 intestina
1352 1648 1447 1683 bella,
1474 1648 1567 1679 simul
1591 1648 1792 1690 principibus
1825 1653 1856 1679 et
1881 1647 2006 1679 civibus
2031 1659 2104 1679 con-

459 1704 661 1735 venientibus
693 1705 724 1734 in
749 1716 846 1734 unmn
872 1704 1026 1734 adversus
1052 1703 1227 1733 Dominum
1260 1708 1291 1732 et
1321 1701 1478 1732 adversus
1508 1702 1660 1732 christum
1693 1702 1771 1732 eius.
1819 1702 1856 1732 In
1880 1701 1937 1732 tali
1961 1701 2104 1743 periculo

292 1753 438 1801 ,3³,„,'⁵s1·2‚1,4⁴
459 1769 589 1788 necesse
622 1764 668 1788 cst
700 1768 787 1788 mare
820 1757 944 1799 percuti
976 1757 1068 1798 quasi
1092 1757 1183 1797 virga
1210 1755 1324 1797 Moysi.
1354 1755 1446 1796 virga
1479 1755 1603 1786 scilicet
1631 1755 1794 1797 pastorali,
1820 1760 1854 1786 ut
1879 1754 2042 1786 dividatur
2072 1755 2105 1785 in

459 1811 632 1841 divisiones
658 1810 755 1841 verbo
789 1810 954 1840 doctrinae
987 1821 1175 1851 percussum
1200 1814 1230 1839 ct
1255 1808 1434 1839 discissum.
1484 1808 1537 1839 Sic
1562 1808 1682 1839 Paulus
1707 1808 1870 1850 apostolus
1894 1809 2104 1839 unanimitate
2125 1819 2150 1838 ao

283 1876 438 1895 cume-sm,
459 1875 492 1893 se
518 1864 779 1905 perscspientium
804 1869 1015 1905 pregravatus
1040 1862 1139 1893 verbo
1165 1862 1331 1892 doetrinae
1363 1861 1439 1892 fecit
1464 1861 1630 1903 phariseos
1655 1866 1686 1892 et
1711 1861 1868 1892 saduceos
1899 1861 1940 1892 ab
1965 1862 2105 1892 invicem

459 1917 625 1955 dissidere,
643 1923 676 1947 ut
694 1917 784 1958 quasi
802 1927 890 1947 mare
909 1916 1011 1946 diviso
1029 1916 1180 1946 transiret
1196 1914 1318 1956 absque
1336 1914 1490 1956 periculo,
1515 1914 1672 1956 phariseis
1690 1914 1813 1945 scilicet
1838 1926 1894 1956 pro
1919 1926 1956 1945 eo
1982 1915 2104 1956 agenti-

460 1969 518 1999 bus
544 1975 653 2000 contra
678 1969 844 2002 saduceos,
870 1977 902 1999 ut
928 1970 959 1999 in
984 1968 1120 1999 Actibus
1145 1968 1361 2010 apostolorum
1386 1967 1511 2009 legitur.

390 2036 439 2054 aa„
567 2022 720 2053 Similiter
744 2022 900 2053 accidisse
926 2023 1129 2052 meminimus
1154 2033 1217 2052 non
1243 2021 1341 2051 semel
1366 2022 1397 2051 in
1414 2021 1493 2051 urbe
1511 2022 1622 2060 Roma,
1642 2021 1817 2052 dissidente
1836 2022 1919 2052 inter
1935 2032 1968 2051 se
1986 2021 2104 2063 populo

461 2076 603 2105 Romano
618 2084 647 2105 et
661 2082 750 2117 parte
765 2075 904 2106 fidelium
924 2075 1067 2105 infideles
1085 2075 1290 2116 reprimente,
1305 2074 1497 2105 sacerdotali
1516 2074 1609 2105 simul
1626 2074 1746 2105 auxilio
1761 2079 1964 2116 cooperante.
1983 2074 2104 2105 Verum
2125 2085 2149 2104 35

461 2129 486 2158 si
504 2128 639 2158 rebelles
659 2129 733 2158 istos
751 2128 909 2159 aceclesia
923 2128 1009 2158 velut
1024 2134 1198 2158 castrorum
1218 2128 1305 2158 acies
1322 2127 1467 2158 ordinata
1486 2128 1588 2169 magis
1605 2127 1751 2158 ordinate
1765 2132 2024 2169 persequeretur,
2042 2139 2104 2158 non

463 2192 518 2221 per
543 2194 595 2211 eos
622 2181 771 2211 Hiericho
797 2192 852 2211 seu
870 2180 1038 2211 Bahilonia
1064 2180 1313 2217 reedificaretur,
1339 2187 1372 2211 ut
1398 2181 1497 2211 Rome
1523 2187 1658 2222 apparet
1682 2182 1714 2211 in
1739 2180 1797 2211 ede
1824 2180 2006 2222 Capitolina
2031 2180 2105 2211 olim

334 2247 400 2268 rme,
413 2247 442 2265 ιτ,
462 2234 563 2264 diruta
585 2240 613 2264 ct
632 2246 714 2263 nunc
733 2234 916 2264 reedificata
935 2240 1045 2264 contra
1063 2233 1190 2264 (lonium
1206 2234 1287 2264 D0i1
1306 2240 1416 2264 contra
1435 2234 1563 2265 domum
1580 2233 1685 2273 Raab3
1705 2234 1761 2264 sed
1779 2233 1972 2264 claresceret
1988 2234 2020 2264 in
2038 2244 2104 2264 cer-

463 2287 579 2317 tamine
599 2287 755 2328 sapientia
774 2286 865 2316 simul
884 2294 913 2316 et
932 2286 1083 2317 fortitudo
1102 2286 1289 2319 aecclesiae.
1316 2287 1473 2328 sapientia
1491 2287 1644 2318 videlicet
1664 2287 1695 2317 in
1714 2287 1840 2318 clericis
1857 2292 1944 2317 recte
1962 2286 2103 2318 docenti-

295 2352 442 2373 1,l*·-n.2,11,
463 2339 531 2375 bus,
550 2346 579 2369 et
597 2339 748 2369 fortitudo
766 2340 795 2369 in
815 2339 966 2369 militibus
985 2351 1094 2369 eorum
1113 2339 1277 2369 doctrinae
1296 2339 1532 2374 obedientibus,
1554 2346 1650 2382 atque
1667 2340 1709 2370 ad
1726 2340 1902 2370 vindictam
1920 2339 2104 2370 malefacto·
2123 2350 2149 2369 40

464 2404 541 2425 rum.
573 2392 700 2422 laudem
726 2404 801 2421 vero
826 2391 980 2422 bonorum
1011 2404 1083 2422 suas
1108 2393 1193 2422 vires
1218 2392 1489 2434 impendentibus,
1516 2399 1546 2424 et
1571 2404 1697 2424 omnem
1723 2393 1923 2424 altitudinem
1949 2392 2104 2423 adversus

368 2459 441 2478 *nn-¹.
463 2446 628 2475 scientiam
649 2445 706 2475 l)ei
727 2445 902 2485 erigentem
921 2456 953 2475 se
972 2444 1220 2481 destruentibus,
1235 2456 1272 2475 ca
1286 2445 1436 2476 videlieet
1455 2447 1602 2477 cautione
1621 2451 1748 2477 servata
1768 2447 1817 2476 *in
1835 2446 1948 2476 castris
1962 2446 2103 2485 Domini,

465 2504 495 2527 ut
515 2497 648 2528 clericus
663 2498 713 2528 vel
731 2498 825 2528 etiam
841 2498 1010 2539 epist-smus
1028 2510 1089 2528 non
1109 2504 1194 2528 reete
1208 2498 1327 2528 docens
1342 2498 1557 2540 deponeretur
1574 2504 1604 2530 et
1622 2500 1843 2541 episcopatum
1858 2499 1926 2529 eius
1943 2499 2105 2540 acciperet

464 2550 559 2580 alius:
586 2557 682 2592 atone
700 2550 789 2580 miles
807 2551 857 2581 vel
876 2551 969 2581 ctiam
989 2551 1137 2592 princeps
1157 2557 1262 2582 rectae
1280 2550 1445 2582 doetrinae
1464 2552 1653 2583 inobediens
1672 2558 1703 2583 et
1719 2553 1927 2594 acquiescere
1944 2552 2055 2583 nolens
2071 2557 2106 2582 ut

465 2603 550 2637 Saul,
576 2603 787 2633 anathematis
813 2603 916 2633 iaculo
942 2609 1163 2645 ptr-reuterctur
1187 2604 1331 2645 aliusque
1357 2604 1400 2634 illi
1426 2604 1656 2646 subrogaretur
1680 2610 1713 2636 ut
1738 2605 1857 2636 David.
1897 2605 2047 2647 Denique
2072 2605 2104 2635 in
2122 2614 2148 2634 45

2232 2574 2233 2585 l

2230 2605 2233 2623 t

2230 2652 2233 2668 i

570 2712 595 2729 as
619 2703 666 2726 11:1¹¹
690 2703 720 2726 l).
795 2704 820 2724 l»
844 2703 906 2724 ‹lmt
929 2703 958 2726 ,1,
1033 2708 1057 2727 (·)
1081 2704 1193 2732 contigit
1216 2716 1246 2718 —
1268 2704 1406 2727 dra-trinae
1428 2704 1451 2727 1⁵11
1473 2714 1549 2736 marg).
1571 2705 1602 2728 B.
1917 2695 1919 2697 ·
2229 2702 2231 2729 l

2228 2773 2230 2791 l

576 2784 582 2809 l
620 2786 681 2809 ‘mo
701 2783 823 2819 Frisingy.
844 2782 930 2811 Gesta
951 2783 1030 2810 FJ-isl.
1055 2784 1092 2811 ll.
1120 2794 1140 2810 ν.
1161 2785 1216 2809 20:
1244 2785 1336 2815 Quare
1362 2785 1598 2812 reaedificandum
1616 2787 1785 2821 capitolium,
1811 2787 1998 2813 renovandam
2023 2794 2103 2812 sena-

465 2838 559 2862 toriam
587 2837 763 2865 dignitatem.
790 2837 994 2862 r1·s‹-›r1·1:m‹hnn
1020 2842 1193 2871 sequestrem
1219 2838 1341 2863 ordinem
1368 2839 1459 2864 docuit
1487 2838 1556 2874 (scil.
1582 2840 1724 2866 ebwaldus
1749 2840 1782 2865 de
1809 2836 1933 2875 Brixia).
