2233 3252
497 176 611 203 LIBER
637 176 686 202 DE
714 175 976 202 NOVITATfflFs
1004 176 1119 202 ltl'll's
1145 177 1348 204 'ri-:munus
1683 178 1745 207 291·

717 270 764 299 16.
803 267 858 299 Do
885 268 936 299 l'u
948 280 1064 298 Fusci·
1076 280 1092 298 ιι
1104 282 1129 299 υ.

672 420 718 449 17.
759 419 813 449 l)‹·
839 418 988 457 vigilia
1016 430 1175 460 pasena».

66 537 78 556 ο
204 525 339 557 Actoros
365 526 448 556 enim
474 531 556 559 sunt,
585 536 657 556 cum
684 525 743 566 ipsi
777 524 836 555 hoc
869 525 987 555 liu-iant
1019 531 1177 558 auctores,
1211 537 1281 555 vum
1315 538 1387 556 snos
1421 528 1553 557 eloi-ivos
1586 529 1625 558 ml
1660 529 1742 560 isloi„

98 579 208 610 iuvant
233 578 404 621 prestando
431 578 492 609 illis
517 578 738 609 ecelesiastica
763 577 931 611 beneficia.
958 590 1018 620 que
1046 589 1168 608 rursum
1196 579 1254 620 ipsi
1281 579 1388 609 elerici
1417 589 1556 621 prestant
1591 582 1742 612 militibus-

97 638 151 663 aut
175 631 361 674 expendunt
394 632 424 662 in
450 631 584 662 luxuriis
610 638 640 662 et
666 630 838 673 inpudiciis
863 631 1024 673 episcopis
1057 642 1166 661 corum
1200 631 1258 661 hoe
1288 632 1472 663 scientibus.
1524 634 1633 675 quno
1659 636 1742 666 a-nim

97 685 127 716 in
153 685 278 716 occulto
304 685 381 716 tiunt
407 685 466 715 ista
492 690 522 715 et
547 685 677 715 minime
699 683 953 726 prohibentibus,
980 684 1076 715 inuno
1094 696 1148 713 eos
1166 685 1218 726 qui
1247 685 1340 715 ‘talia
1366 686 1533 726 inprobant
1561 687 1741 718 ..divinum
1766 701 1852 722 mm.

97 744 128 769 et
152 737 430 780 persmpicntibus.
478 737 550 768 Iluc
575 737 711 771 accedit,
741 737 826 779 quod
853 748 908 779 pro
934 744 1024 768 scuto
1057 749 1134 767 suac
1166 736 1363 768 defensionis
1394 748 1545 780 usurpant
1580 740 1639 770 ‚ibi
1674 753 1742 782 pra·-

55 797 238 822 innotatum
265 790 440 833 capitulum
468 790 633 821 ltemcnsis
663 790 789 821 concilii
822 789 1016 821 arbitrantes
1043 790 1101 821 hoc
1126 789 1186 821 sibi
1213 791 1415 832 permissum,
1441 792 1613 823 ‹lnnnnmlo
1638 806 1741 824 sava-r-

97 843 153 875 dos
177 843 356 875 aecclesiae
381 843 421 874 ad
447 843 600 886 placitum
618 855 738 880 eorum,
765 855 827 874 non
853 843 1030 874 secundum
1048 843 1257 874 diffinitiones
1283 856 1451 876 canonum.
1478 846 1626 887 accipiat,
1649 847 1742 879 unde.

96 898 178 929 sicut
203 897 266 928 illic
291 897 411 928 dictum
429 903 487 931 est,
511 897 743 927 convenienter
760 897 933 927 sustentari
951 896 1066 933 valcat,
1093 903 1126 927 nt
1149 896 1235 938 quod
1261 896 1303 927 illi
1330 906 1486 938 superest,
1514 906 1602 939 prout
1623 900 1741 932 volunt.

95 949 282 993 expendant
307 949 356 981 vel
383 949 535 981 militibus
565 949 759 980 infeodando
785 949 836 980 vel
861 949 987 980 clericis
1019 949 1259 981 cathedralibus
1285 950 1467 992 prestando.
1494 952 1546 993 qni
1579 953 1654 993 ipsis
1681 965 1741 983 non

97 1002 339 1046 prohibentibus
364 1003 476 1034 eadem
502 1010 644 1045 prestant
670 1002 822 1034 militibus
848 1002 898 1033 vcl
923 1002 1111 1045 expendant
1139 1003 1170 1034 in
1196 1003 1261 1033 suis
1287 1003 1484 1034 mulieribus.

54 1112 76 1131 ιε
507 1102 553 1131 ls.
591 1100 648 1131 Dc
674 1099 1016 1131 abhominatione
1041 1099 1332 1131 desolationis.

200 1163 308 1205 Atque
327 1163 369 1194 ita
386 1163 454 1193 sive.
472 1174 530 1204 per
546 1163 716 1204 episcopos
733 1163 801 1193 sive
820 1174 877 1204 pcr
893 1162 1028 1194 clericos
1053 1161 1331 1201 inbeneficiantes,
1357 1163 1432 1194 dum
1458 1164 1555 1195 semel
1582 1165 1611 1195 in
1631 1176 1742 1195 manns

95 1215 248 1247 laicorum
274 1216 420 1247 venerint
446 1227 496 1246 res
522 1215 689 1253 ecclesiae,
722 1215 774 1246 ille
800 1227 938 1258 quoquc.
964 1215 1003 1246 dc
1028 1215 1145 1258 quibus
1170 1223 1303 1247 actenus
1333 1217 1468 1248 ministri
1501 1217 1609 1248 altaris
1635 1218 1742 1259 quale-

95 1280 232 1311 cumque
257 1268 521 1300 sustentabantur
545 1275 576 1299 et
600 1268 713 1300 altaria
730 1268 962 1305 vestiebantur,
987 1268 1147 1300 ccclesiae
1171 1268 1378 1308 omabantur,
1404 1277 1475 1311 post
1499 1271 1662 1312 antiquam
1689 1270 1742 1301 ‹lc-

95 1322 282 1353 solationem
314 1323 430 1353 nostris
463 1323 494 1352 in
519 1321 633 1353 dicbus
665 1328 872 1363 augmentata
904 1321 1102 1353 desolatione
1135 1329 1240 1364 potest
1269 1324 1419 1364 cognosci
1445 1323 1664 1354 abhominatio
1689 1323 1742 1354 dc-

51 1387 76 1406 20
94 1375 269 1410 solationis,
301 1376 333 1406 in
357 1375 501 1417 quolibet
533 1375 602 1406 loco
634 1382 745 1406 sancto
770 1376 836 1406 suis
861 1375 1062 1417 pertinentiis
1088 1376 1217 1406 omnino
1242 1375 1378 1418 spoliato
1403 1383 1434 1407 et
1459 1376 1621 1407 denudato
1646 1384 1741 1418 atque

95 1429 126 1460 in
151 1428 250 1460 laicas
274 1428 446 1460 abusiones
471 1428 619 1460 alienatis
645 1427 751 1467 rebus,
777 1439 838 1470 que
864 1429 890 1459 si
915 1429 1068 1461 ministris
1093 1428 1202 1460 altaris
1231 1428 1351 1460 alicubi
1383 1429 1569 1461 habundare
1596 1429 1741 1461 videren-

95 1488 154 1516 tur.
185 1494 248 1513 non
277 1481 430 1513 militibus
462 1488 515 1513 aut
548 1481 708 1524 inpudicis
733 1481 932 1520 mulieribus,
965 1481 1022 1513 sed
1047 1482 1167 1513 Christi
1192 1482 1390 1524 pauperibus
1415 1490 1469 1514 ant
1495 1495 1566 1514 cum
1592 1483 1687 1514 Petro
1712 1490 1742 1514 ct

93 1535 276 1575 Augustino
307 1534 518 1566 militantibus
550 1543 604 1566 aut
635 1546 708 1566 cum
733 1534 876 1566 Iohanne
909 1546 946 1566 ac
978 1541 1090 1566 sancto
1115 1535 1294 1566 Benedicto
1326 1536 1372 1567 sic
1404 1535 1618 1573 umnentibus,
1644 1542 1677 1566 ut
1702 1535 1741 1566 dc

94 1589 163 1630 ipso
190 1588 331 1619 Iohanne
356 1588 494 1619 dictum:
521 1590 575 1619 Sic
599 1601 665 1619 enm
693 1589 760 1619 volo
785 1601 918 1627 manera.
950 1594 1005 1619 aut
1030 1594 1116 1619 certe
1143 1600 1216 1619 cum
1240 1588 1365 1619 Lazaro
1391 1589 1650 1620 mendicantibus
1675 1596 1741 1620 erat
1763 1601 1891 1621 loha-¹123.

50 1653 76 1672 τὸ
95 1641 235 1672 dandum
261 1641 347 1684 quod
376 1648 558 1683 superesset
590 1642 680 1672 iuxta
710 1641 789 1672 illud
813 1641 1054 1683 euangelicum:
1083 1642 1175 1680 Quod
1197 1650 1335 1685 superest
1359 1643 1429 1673 «Inte
1453 1650 1479 1673 et
1503 1644 1606 1673 ιιηιιιιίι
1634 1643 1744 1673 ιιιιιηιΙί
1763 1655 1898 1675 nummi.

94 1702 182 1726 erunt
207 1695 314 1726 ‘vobi-9.
364 1695 459 1726 Certe
484 1700 518 1726 ut
543 1694 675 1726 multum
702 1694 982 1726 condescendatur
1012 1695 1044 1726 in
1070 1695 1131 1726 ista
1156 1706 1265 1734 causa,
1298 1696 1324 1726 si
1349 1696 1492 1738 episcopi
1518 1695 1635 1726 vellent
1667 1707 1741 1726 suos
1762 1709 1850 1731 mmo.

94 1747 295 1779 cathedrales
320 1747 454 1779 clericos
480 1749 583 1779 iuvari
609 1747 648 1779 de
673 1747 971 1790 superabundantia
989 1747 1199 1790 plebanorum
1225 1748 1441 1784 sacerdotum,
1467 1749 1585 1780 rectius
1610 1755 1640 1779 ct
1665 1748 1740 1780 tole-

94 1799 227 1832 rabilius
251 1800 304 1832 illa
329 1800 626 1843 superabundantia
653 1800 800 1843 plebanis
825 1800 970 1832 detracta
994 1801 1115 1832 firmari
1140 1807 1266 1843 poterat
1295 1803 1326 1832 in
1353 1814 1520 1833 commune
1546 1802 1741 1844 stipendium

94 1853 245 1885 fratribus
270 1855 301 1885 in
319 1855 570 1896 congregatione
588 1853 773 1885 viventibus
798 1865 816 1885 a
840 1855 1003 1896 preposito
1029 1854 1264 1891 distribuenda,
1289 1861 1383 1897 prout
1400 1856 1516 1897 cuique
1541 1867 1621 1897 opus
1647 1862 1740 1889 essct.

51 1918 77 1938 ω
94 1918 189 1950 quam
215 1907 300 1950 quod
325 1907 432 1950 aliquo
457 1907 590 1938 fratrum
616 1907 656 1939 de
680 1907 852 1938 multarum
882 1907 1092 1939 ecelesiarum
1124 1907 1291 1939 benefieiis
1317 1908 1416 1939 ditato
1442 1915 1471 1939 et
1496 1908 1612 1939 altero.
1628 1909 1659 1939 in
1685 1920 1741 1939 sua

94 1966 284 2003 paupertate
315 1960 463 2003 neglecto
495 1960 576 1992 alius
608 1960 738 2003 quidem
771 1961 878 1999 esurit,
911 1960 993 1992 alius
1024 1966 1131 1992 autem
1164 1960 1272 1992 ebrius
1305 1968 1366 1998 est,
1399 1961 1484 2003 quod
1516 1961 1678 2003 apostolus
1710 1962 1741 1992 in

95 2012 270 2044 Corinthiis
295 2013 455 2056 inprobat,
480 2013 556 2045 dum
580 2013 737 2045 habentes
762 2013 963 2045 confundunt
988 2025 1043 2045 eos
1068 2014 1122 2056 qui
1148 2025 1210 2045 non
1228 2014 1358 2051 habent,
1383 2026 1421 2046 ac
1439 2014 1572 2056 proinde
1598 2014 1741 2056 apostolo
1763 2027 1918 2049 1.‹>··=·.n‚22.

95 2066 200 2098 iudice
232 2067 278 2098 sic
308 2067 370 2098 illis
402 2066 668 2098 convenientibus
700 2067 732 2097 in
764 2078 861 2098 unum
893 2067 957 2098 iam
988 2078 1051 2098 non
1083 2073 1131 2098 est
1163 2067 1357 2099 dominicam
1389 2079 1502 2099 cenam
1535 2067 1740 2098 manducare.

95 2119 195 2151 Multo
226 2126 333 2151 autem
366 2121 610 2152 convenientius
641 2126 740 2159 esset,
773 2125 807 2151 ut
837 2120 898 2162 ipsi
930 2119 1059 2162 plebani
1093 2126 1290 2152 retentantes
1321 2121 1438 2154 omnia,
1471 2132 1533 2163 que
1565 2120 1741 2151 secuudum

53 2183 235 2204 uscanones
267 2172 309 2204 ad
339 2184 373 2205 se
405 2174 577 2216 pertinent,
609 2179 802 2215 cogerentur
833 2173 872 2204 de
898 2172 960 2204 sibi
991 2173 1128 2205 conditis
1160 2173 1257 2204 rebus
1289 2180 1375 2205 recte
1406 2185 1513 2215 agere,
1546 2174 1742 2205 sufficienti-s

95 2225 257 2257 ministros
289 2227 445 2266 canonice
476 2226 538 2258 sibi
570 2231 763 2269 aggregatos
788 2237 852 2257 una
876 2237 986 2257 secum
1011 2226 1152 2257 fraterne
1178 2227 1398 2258 sustentando.
1446 2227 1487 2258 Et
1519 2227 1578 2258 hoc
1607 2227 1741 2257 fortasse

96 2278 232 2310 intendit
256 2291 341 2322 papa
365 2279 532 2321 Eugenius
557 2279 746 2319 decernens
778 2285 901 2310 tantum
933 2279 1094 2311 sacerdoti
1119 2279 1376 2322 relinquendum,
1402 2280 1486 2311 unde
1512 2280 1742 2311 convenienter

95 2333 267 2364 sustentari
285 2332 423 2364 valeat¹.
463 2332 521 2364 Ille
540 2332 622 2364 dixit
640 2332 906 2369 ‘conveniente1·'‚
932 2332 989 2363 sed
1014 2344 1098 2363 nunc
1123 2333 1229 2375 agitur
1245 2333 1340 2364 valde
1365 2333 1640 2365 inconvenienter.
1666 2332 1740 2363 dum

65 2423 67 2425 ι
96 2390 128 2416 et
150 2385 302 2417 sacerdos
326 2385 410 2417 ultra
433 2385 562 2417 niodum
587 2386 772 2428 pariterque
798 2385 858 2416 sibi
885 2386 1055 2417 commissa
1080 2386 1239 2417 aecclesia
1263 2385 1513 2428 depauperatur.
1540 2392 1570 2417 et
1599 2386 1630 2416 id
1655 2385 1740 2427 qnod

53 2448 80 2468 ω
97 2438 126 2469 ei
150 2437 328 2470 detrahitur
351 2439 530 2470 aecclesiae
562 2438 721 2470 alienatur
745 2445 775 2469 et
800 2438 919 2470 mundo
944 2439 1108 2477 inmundo⁷
1134 2440 1189 2481 qui
1213 2440 1246 2470 in
1270 2439 1410 2481 maligno
1436 2440 1556 2481 positus
1583 2446 1640 2471 est.
1666 2450 1739 2469 con-
1763 2452 1903 2471 {onustat-⁴⁸.

96 2490 205 2530 fertur,
230 2496 264 2523 ut
288 2492 343 2523 fiat
367 2503 465 2534 supra
488 2491 618 2523 modum
643 2491 730 2523 nuda
754 2491 924 2530 aecclesia,
956 2503 1018 2523 non
1051 2491 1173 2523 habens
1199 2492 1248 2523 vel
1275 2492 1464 2534 panniculos
1490 2493 1654 2534 hueusque
1679 2491 1738 2522 sibi

96 2543 223 2576 relictos
254 2544 295 2576 ad
319 2545 504 2576 verecunda
536 2545 649 2576 saltem
681 2556 739 2576 sua
770 2544 920 2585 tegenda.
968 2545 1081 2587 Neque
1107 2556 1184 2576 vero
1215 2557 1273 2576 nos
1305 2545 1384 2576 haee
1411 2545 1570 2576 dicendua
1595 2545 1740 2575 favemus·

96 2596 238 2639 ipsorum
262 2597 473 2640 plebanorum
498 2597 738 2639 im·eligiositati.
770 2597 827 2629 sed
852 2597 1008 2629 vellemus
1037 2605 1171 2640 peccata
1195 2609 1405 2640 personarum
1421 2610 1493 2628 .non
1519 2599 1598 2628 verti
1632 2599 1661 2628 in
1687 2597 1739 2627 de·-

97 2650 279 2682 trimentum
304 2650 524 2687 eeclesiarum,
557 2651 652 2682 immo
677 2651 832 2682 vellemus
864 2651 951 2693 ipsas
982 2662 1136 2693 personas
1166 2651 1331 2682 emendari
1356 2651 1407 2681 vel
1432 2652 1559 2683 mutari.
1591 2658 1739 2681 manente

50 2751 81 2777 ’β
203 2749 230 2780 a)
251 2750 277 2774 in
296 2751 346 2775 Ioco
365 2759 420 2775 raso
438 2759 458 2775 c.

206 2840 234 2873 l)
261 2840 366 2868 Concil.
392 2840 470 2868 Rem.
495 2851 523 2868 a.
545 2841 638 2873 1148,
664 2850 686 2868 c.
708 2840 757 2873 10,
785 2841 882 2868 Mansi
906 2841 989 2875 XXI,
1015 2842 1063 2868 cul.
1084 2842 1155 2868 716.
