2233 3252
328 349 454 367 ':‘.'.‘¹‘T.‹·‹rl.
463 350 481 367 2.

314 1556 398 1575 ‘1⁴:207st
407 1558 470 1576 cole.

342 1822 396 1841 Gen.
408 1824 438 1841 l.1.
448 1824 467 1841 9.

505 189 568 218 570
988 190 1039 216 DE
1064 190 1153 216 FINE
1181 187 1409 214 SCHISMATIS
1434 186 1681 214 VATICINIUM.

503 294 533 315 et
559 284 662 316 scidit.
687 283 819 325 perfusa
844 294 956 313 cruore
982 293 1122 321 suorum,
1149 293 1229 324 quos
1253 292 1364 312 mucro
1390 280 1565 322 imperialis
1591 278 1727 317 occidet,
1760 284 1792 309 et
1815 278 1932 310 rubore
1955 280 2152 312 verecundie

503 347 532 367 et
558 337 664 367 colore
691 336 855 377 sanguinis
881 335 974 366 effusi
998 334 1136 374 rubebit,
1163 340 1194 365 et
1217 340 1293 365 tunc
1318 345 1385 376 pax
1409 334 1469 364 erit
1492 333 1525 363 in
1549 338 1635 363 terra
1658 336 1778 371 nostra,
1798 333 1885 362 *cum
1909 331 1949 363 de
1974 333 2039 363 suis
2065 332 2153 364 eubi-

502 390 583 420 libus
608 390 676 430 ipsa
702 400 767 430 pax
792 389 948 424 venerit.†
998 387 1078 418 ‘Vel
1103 387 1143 418 ab
1169 399 1206 418 eo
1230 387 1312 426 loeo,
1338 398 1400 429 quo
1425 386 1555 427 incipit:

758 440 968 471 Montibus
994 441 1205 472 excedunt
1230 451 1383 481 onager
1407 444 1530 480 atque
1555 438 1627 469 leo.

503 495 687 525 Secundum
711 506 788 525 vere
814 495 1088 536 interpretationis
1113 494 1307 524 sententiam
1330 493 1376 523 ita
1399 491 1527 522 videtur
1550 502 1645 533 posse
1671 492 1800 533 exponi,
1831 491 1918 533 quod
1942 503 2072 533 onager,
2098 493 2153 534 qui
2171 503 2184 522 5

502 556 548 578 est
574 548 728 578 silvestris
753 548 862 578 asinus
888 552 918 577 et
943 548 1113 577 arvinosus
1139 547 1170 577 iu
1197 546 1293 577 corde
1319 545 1482 586 multeque
1507 544 1726 586 pinguedinis,
1752 544 1912 586 significet
1935 556 2046 587 regem
2071 544 2151 576 Gre-

501 612 610 631 corum
625 603 642 632 ¹.
669 601 723 642 qui
749 601 840 642 quasi
866 601 897 630 in
924 600 1076 630 crassicie
1103 605 1133 630 et
1158 599 1355 641 pinguedine
1382 598 1430 628 sui
1456 597 1567 636 cordis
1586 598 1632 628 ita
1655 597 1689 627 in
1713 608 1791 628 auro
1817 603 1848 628 et
1872 603 2006 640 argento
2030 598 2151 629 multis-

501 666 562 695 que
588 654 653 684 suis
674 653 832 684 thesauris
857 654 1066 687 incrassatus,
1090 653 1300 694 inpinguatus
1326 651 1393 681 sine
1418 650 1482 681 ullo
1507 661 1670 681 armorum
1694 649 1804 681 labore
1821 650 1873 682 vel
1889 651 2007 682 virium
2024 651 2150 683 fervore

501 718 632 737 securus
664 707 810 748 quiescit.
858 706 921 737 Hic
954 717 1031 747 ergo
1055 706 1249 736 necessitate
1282 710 1412 735 coactus
1437 708 1562 734 montes
1586 703 1723 734 Illiricos
1753 703 1903 735 transibit
1932 709 1963 735 et
1986 705 2019 735 in
2043 704 2150 735 Mace-

501 759 629 790 doniani
661 760 758 800 inque
784 759 992 795 Archadiam,
1025 758 1080 789 ubi
1104 758 1242 799 Achaya
1272 757 1441 800 provincia
1472 762 1534 796 est,
1568 762 1680 787 contra
1710 756 1836 787 leonem
1867 756 2064 788 bellaturusa
2095 757 2149 789 ad·
2171 769 2195 788 ιο

499 813 616 843 veniet.
664 812 731 842 Leo
757 818 873 844 autem.
899 811 931 842 id
957 811 1026 842 estb
1051 812 1227 853 imperator
1251 810 1447 849 Fridericus,
1478 815 1603 841 montes
1627 809 1851 852 Appenninos,
1876 810 2094 841 Brundusium
2119 815 2150 842 et

428 884 439 894 μ
474 890 478 894 ,
500 865 641 907 Epyrew
660 870 784 895 montes
808 865 933 895 marina
943 865 955 882 ‘¹
973 865 1157 895 vectatione
1182 865 1215 894 in
1240 875 1397 905 onagrum
1420 862 1598 894 bellaturus
1623 862 1783 894 transibit.
1822 863 1882 894 *Et
1905 863 1966 894 hoe
1991 869 2039 895 est
2063 863 2149 906 quod

500 918 577 949 (licit
602 929 732 948 versus:

756 962 922 1003 Onager
953 968 1076 1004 atque
1107 961 1170 992 leo
1202 960 1412 992 montibus
1446 960 1696 1003 [exeedunt],

499 1015 530 1046 id
556 1024 602 1046 est
627 1021 794 1045 transeunt
818 1020 942 1045 montes
969 1015 1052 1045 inter
1076 1026 1109 1045 se
1135 1014 1329 1045 dimicaturi.
1378 1013 1546 1056 Sequitur:
2170 1026 2194 1045 15
2226 1040 2229 1044 ,

756 1067 914 1110 Sydere
939 1067 1128 1099 Pollucis
1153 1068 1386 1098 fraternum
1411 1073 1579 1098 corruet
1604 1072 1769 1098 astrum.

496 1122 538 1152 Et
570 1128 617 1152 est
649 1132 777 1151 sensus:
810 1121 975 1152 Potestate
1000 1121 1137 1152 Romani
1168 1121 1307 1162 imperii,
1340 1132 1404 1162 qua
1427 1120 1554 1160 Pollux,
1585 1120 1620 1151 id
1649 1126 1697 1151 est
1720 1120 1906 1152 Friderieus
1931 1121 2148 1153 Romanorum

497 1175 682 1216 imperamr,
708 1174 868 1216 imperiali
894 1174 1077 1205 diademate
1103 1179 1262 1213 coruscat,
1287 1174 1358 1215 ipsa
1382 1174 1514 1216 inquam
1539 1179 1697 1215 potestate
1723 1179 1754 1204 et
1775 1173 1952 1205 clarissimo
1969 1173 2081 1205 iubare
2099 1175 2147 1206 sui

497 1228 658 1258 exercitus
676 1233 771 1269 atque
789 1227 899 1268 gladii,
925 1233 1046 1258 astrum
1071 1227 1249 1258 fraternum
1274 1232 1410 1263 corruet,
1435 1227 1469 1257 id
1486 1232 1533 1257 est
1557 1232 1699 1269 potestas
1725 1231 1756 1258 et
1773 1227 1960 1267 dominium,
1986 1239 2049 1269 qua
2067 1227 2147 1259 Gre-

496 1292 605 1311 eorum
637 1292 773 1322 regnum
798 1280 938 1314 lucebat,
971 1280 1005 1311 id
1030 1286 1078 1312 est
1110 1291 1245 1322 regnum
1278 1279 1431 1319 Castoris,
1468 1280 1574 1311 fratris
1609 1280 1772 1322 quondam
1802 1280 1954 1320 Pollucis,
1986 1281 2146 1323 imperiali
2165 1292 2190 1311 20

495 1335 627 1375 inquam
652 1345 813 1364 armorum
838 1333 954 1364 robore
979 1334 1116 1365 contrita
1141 1339 1269 1364 corruet
1294 1338 1325 1364 et
1349 1345 1368 1364 a
1392 1334 1523 1375 propria
1553 1333 1625 1364 luce
1657 1344 1714 1364 sue
1744 1334 1911 1375 potest-atis
1936 1345 2001 1376 qua
2025 1333 2145 1365 dudum

494 1386 623 1418 lucebat
653 1387 685 1417 in
715 1386 920 1418 obscuritatis
951 1386 1115 1418 mirabiles
1147 1386 1299 1418 tenebras
1331 1387 1466 1417 contrito
1498 1398 1598 1428 regno
1632 1385 1812 1417 Grecorum
1843 1386 2003 1418 deveniet.
2058 1387 2144 1426 Quo-

493 1440 587 1471 modo
613 1446 719 1470 autem
746 1446 777 1470 et
801 1439 857 1470 ubi
882 1440 943 1471 ista
968 1441 1156 1482 contingant
1180 1441 1212 1470 in
1237 1439 1348 1470 ultimo
1374 1439 1582 1482 subsequitur
1605 1451 1703 1471 versu
1727 1440 1782 1482 qui
1806 1440 1851 1471 ita
1875 1451 1909 1471 se
1934 1439 2047 1471 habet:

749 1493 799 1524 Et.
823 1493 951 1523 Babel
974 1493 1187 1524 Arehadie
1212 1493 1385 1535 perfusa
1409 1504 1555 1524 cruore
1580 1492 1758 1524 rubebit.

492 1547 533 1577 Et
558 1552 605 1577 est
629 1558 757 1577 sensus:
790 1546 965 1586 Archadia,
998 1546 1053 1577 ubi
1084 1546 1204 1578 bellum
1237 1547 1297 1577 erit
1322 1547 1423 1577 'inter
1446 1546 1572 1577 leonem
1605 1552 1637 1577 et
1667 1557 1833 1587 onagrum,
1866 1546 2036 1588 eonfligato
2069 1558 2142 1578 cum
2160 1556 2185 1576 2⁵

492 1600 556 1630 suis
582 1611 702 1640 onagro
729 1605 760 1630 ct
785 1599 956 1641 splendore
981 1599 1159 1630 radiantis⁰
1188 1600 1221 1630 in
1247 1611 1279 1630 se
1305 1599 1405 1641 gladii
1429 1599 1605 1641 imperialis
1630 1599 1789 1630 obscuros
1815 1600 1876 1630 erit
1899 1599 2011 1639 Babel,
2035 1600 2069 1630 id
2094 1606 2141 1631 est

491 1652 625 1683 confusa
650 1653 709 1683 erit
733 1664 751 1683 a
771 1652 878 1683 multis
899 1652 1058 1694 gentibus.
1095 1653 1146 1684 Ibi
1171 1654 1256 1684 enim
1280 1653 1444 1684 Romanus
1469 1658 1500 1683 et
1517 1652 1748 1692 Theutonicus,
1772 1652 1930 1684 barbarus
1955 1658 1987 1684 et
2004 1652 2139 1693 Grecus,

489 1706 572 1736 inter
596 1717 629 1736 se
654 1705 854 1747 pugnabunt,
881 1717 1017 1748 quorum
1041 1712 1155 1737 neuter
1179 1711 1329 1737 neutrum
1353 1706 1528 1747 intelliget,
1562 1711 1593 1737 et
1622 1711 1712 1737 tanta
1743 1706 1803 1737 erit
1833 1705 2008 1748 imperialis
2039 1706 2139 1748 gladii

488 1759 623 1789 furentis
649 1758 856 1793 debachacio,
889 1765 923 1790 ut
955 1770 996 1789 ex
1028 1759 1215 1790 confusione
1248 1759 1431 1801 linguarum
1462 1759 1527 1790 illie
1559 1759 1827 1790 eonvenieneium
1857 1760 1926 1790 iure
1958 1759 2083 1790 dicatur
2107 1765 2138 1791 et

488 1811 623 1850 Habelss,
650 1812 683 1842 id
708 1819 756 1843 est
776 1812 920 1843 confusio
941 1812 1134 1854 linguarum,
1161 1824 1223 1855 que
1244 1813 1325 1844 erith
1349 1813 1383 1843 in
1402 1812 1577 1843 Archadia.
1613 1812 1751 1843 Perfusa
1775 1824 1888 1843 cruore
1913 1812 1953 1844 ab
1977 1812 2137 1855 imperiali
2155 1823 2180 1842 30

487 1865 593 1903 gladio
625 1876 726 1906 usque
758 1865 800 1896 ad
831 1865 1078 1896 internicionem
1110 1866 1231 1897 effusoi
1266 1872 1331 1897 tam
1368 1866 1401 1897 in
1431 1865 1615 1897 hominibus
1652 1877 1749 1908 quam
1785 1866 1882 1897 etiam
1917 1866 1988 1908 ipsa
2022 1866 2134 1897 tellure

487 1917 614 1948 rubebit
623 1918 646 1948 k.
653 1920 661 1929 ‘

592 2023 618 2041 a)
641 2018 790 2042 humaturus
810 2028 830 2042 c.
894 2018 922 2043 bl
944 2028 990 2043 0111.
1011 2028 1030 2043 c,
1095 2021 1120 2043 ο)
1144 2020 1251 2051 Epyreo
1271 2029 1291 2044 α.
1366 2018 1393 2049 d)
1417 2020 1443 2043 in
1464 2020 1539 2043 arina
1558 2028 1578 2043 c.
1644 2021 1669 2049 e)
1692 2019 1863 2051 ffltbtsstztelleyo:
1885 2028 1979 2044 cruore
1999 2019 2133 2044 Mauuelis

486 2062 612 2093 splendor
632 2063 714 2091 ,eladii
736 2072 788 2094 quo
809 2063 964 2087 Fridericus
984 2064 1069 2087 utitur
1088 2065 1288 2088 obscurabitur.
1377 2064 1398 2093 f)
1420 2074 1454 2088 (ιη
1474 2065 1639 2089 obscurato?
1729 2062 1756 2095 g)
1778 2064 1888 2096 seqnitur
1907 2064 1989 2088 littera
2009 2073 2058 2089 .a.
2085 2073 2132 2096 qua

486 2107 579 2129 vallant:
600 2107 683 2130 namn.
757 2107 784 2130 h›
809 2111 864 2131 erat
884 2118 903 2131 ν.
977 2108 996 2133 i)
1020 2108 1163 2133 emendari:
1190 2109 1285 2133 effusio
1305 2117 1325 2132 c.
1400 2109 1428 2136 k)
1450 2108 1560 2140 sequitur
1579 2112 1668 2132 atram.
1689 2109 1763 2132 rubro
1781 2109 1881 2139 scr-ipa:
1908 2108 2027 2140 Explicit
2046 2109 2131 2133 Reve—
2151 2110 2176 2130 35

487 2149 550 2174 latim
571 2151 603 2174 de
624 2152 808 2175 transmarinis
830 2153 951 2183 partibus
973 2160 1023 2182 que
1044 2153 1086 2176 hic
1107 2161 1154 2184 per
1174 2153 1316 2184 picturam,
1342 2161 1390 2185 per
1410 2154 1536 2177 civitates
1558 2156 1584 2177 et
1604 2153 1705 2184 oppida
1725 2156 1751 2177 et
1772 2153 1832 2177 loca
1853 2156 1879 2176 et
1899 2157 2026 2177 montana
2047 2157 2073 2178 et
2092 2161 2131 2177 re-

484 2195 578 2223 giones
599 2201 624 2218 vt
645 2197 727 2219 maria
748 2195 909 2219 declaratur.
948 2199 1017 2225 (juste
1037 2197 1107 2220 rerba
1125 2197 1159 2220 ad
1183 2197 1300 2221 [ohannis
1317 2197 1517 2229 117reibuzyemis
1535 2197 1717 2222 Revelatlunem
1742 2206 1819 2229 supra
1846 2197 1975 2221 laudatam
1990 2198 2134 2229 pertinen&

483 2238 516 2269 cs.
537 2239 591 2262 Pet.
610 2239 753 2263 lexaums
775 2240 793 2264 l.
816 2249 876 2271 μαι-ε
899 2240 947 2267 ΙΙΙ,
967 2241 1011 2265 col.
1026 2242 1084 2265 534.

595 2329 621 2362 l)
648 2329 805 2357 Jlumwlem
830 2330 948 2365 semea,-
973 2331 1012 2366 cf.
1037 2341 1126 2368 supra
1144 2342 1177 2368 p.
1197 2332 1270 2359 564.
