2233 3252
721 182 863 211 SATIRA
887 183 927 211 IN
952 184 1191 213 MET'PENSES.
1721 185 1779 216 621

454 274 633 307 Consilium
657 281 802 308 nostrum
827 277 932 308 ventis
957 288 996 307 nc
1022 277 1221 309 distribuatis
1232 285 1255 318 ¹¹,

453 327 523 361 Nec
547 328 752 372 dispergatis,
777 328 835 360 scd
859 329 886 360 si
911 329 997 361 valet
1021 331 1199 373 accipiatis.

390 388 424 413 8⁵
453 381 622 414 Pastorem
646 387 788 414 vestrum
814 381 854 414 de
878 382 956 414 sede
981 394 1039 415 sua
1064 383 1243 426 pepulistis,

453 434 582 467 Pastori
605 441 713 467 vestro
738 435 861 467 servire
886 435 941 467 ‹lin
966 437 1127 467 renuistis.

452 488 532 520 Post
555 488 615 531 hcc
639 485 757 520 iniuste
782 487 875 520 vobis
899 488 997 520 alium
1023 490 1178 520 statuistis
1193 493 1211 525 Ι,

453 541 618 573 Immerito
643 542 695 574 cui
720 542 866 585 pontifici
890 541 1041 574 baculum
1067 542 1235 574 tribuistis.

453 594 496 626 Et
519 595 672 637 quoniam
696 594 779 627 male
804 606 862 627 vos
886 594 1056 635 imbuistis,
1082 596 1225 638 peniteat
1250 608 1316 635 vos,

391 655 425 679 90
454 647 565 691 Usque
590 648 685 680 modo
709 648 826 680 fecisse
851 648 981 688 malum,
1006 648 1140 680 multum
1167 649 1287 691 pudeat
1312 662 1378 681 vos.

453 700 579 744 Poponi
603 701 793 734 cathedram
818 701 960 733 reddatis
984 702 1214 744 pontificalem,

452 754 550 786 Hunc
574 760 701 798 patrem
724 754 818 787 vobis
843 754 990 787 habeatis
1014 754 1226 798 spiritualem,

452 808 496 840 Et
519 809 598 851 quia
620 809 793 851 peccastis,
818 819 936 853 penam
961 807 1054 840 vobis
1078 809 1250 849 sociemus,

451 861 576 905 Penam
600 861 796 905 condignam
820 862 937 894 vestris
961 862 1084 894 meritis
1108 861 1298 894 tribuemus.

391 922 424 946 95
453 914 540 946 Allia
562 914 724 947 mandetis
748 920 781 947 et
803 915 916 947 vinum
940 914 1022 947 forte
1045 914 1175 956 bibetis,

452 967 539 1000 Allia
563 979 636 1000 cum
661 968 738 1001 vino
762 979 821 1012 per
844 968 983 1011 prandia
1006 973 1115 1000 vestra
1138 969 1260 1000 teretis.

454 1045 728 1054 .........
731 1022 755 1062 ¹³,
781 1022 934 1065 quoniam
958 1022 1142 1065 suscipietis
1153 1028 1176 1062 ⁰,

454 1074 499 1107 Ut
521 1086 590 1107 mos
615 1080 664 1108 est
687 1081 804 1115 vester,
830 1075 952 1107 alienos
977 1074 1136 1107 abicietis.

452 1127 526 1160 Hoc
550 1128 578 1160 si
601 1128 755 1169 feceritis,
779 1139 844 1160 non
867 1139 926 1160 vos
950 1139 1009 1172 per
1032 1129 1177 1160 carmina
1201 1128 1321 1170 ledent‚

374 1190 426 1214 100
452 1181 526 1214 Hoc
550 1182 578 1213 si
601 1181 756 1223 fecerim,
780 1182 973 1225 peccamina
996 1187 1107 1214 vestra
1130 1181 1294 1214 recedent.

239 1289 268 1320 a)
290 1291 466 1316 destribuatis
484 1300 505 1316 c.
578 1290 606 1323 b)
626 1291 737 1324 spatium
755 1291 856 1316 dimid-'i
873 1299 957 1316 versus
974 1299 1080 1317 vacuum
1098 1291 1212 1316 relictum
1229 1295 1265 1316 eut
1283 1291 1310 1316 in
1328 1291 1381 1316 cod.
1455 1292 1481 1322 c)
1502 1293 1658 1324 suscipiatis
1677 1301 1697 1317 c.

243 1379 274 1418 1)
297 1381 503 1410 Adalheronem
526 1381 581 1410 IV.
