2233 3252
270 2606 299 2624 ef.
309 2606 345 2624 ΡΞ.
354 2606 429 2627 20313.

424 221 487 251 620

560 2898 586 2915 a?
607 2892 704 2915 atltlirli,

682 320 714 343 35

686 586 719 607 40

688 851 720 874 ⁴5

691 1117 723 1140 50

695 1649 728 1673 60

700 1917 731 1939 65

709 2712 741 2733 80

1015 216 1157 243 SATLRA
1181 216 1220 242 IN
1246 212 1484 241 METTENSES.

744 312 781 341 In
806 310 950 341 bonitate
975 314 1093 344 manet,
1119 309 1196 350 quia
1220 307 1359 349 despicit
1382 307 1592 348 impietatem,

744 365 785 395 Et
810 375 874 394 non
898 363 967 393 vult
991 373 1128 404 peccare
1153 361 1256 392 bonus
1282 365 1413 402 propter
1438 357 1642 400 probitatem.

744 417 787 448 Et
811 417 963 458 quoniam
988 415 1101 446 stultus
1126 415 1203 445 facit
1227 414 1287 444 1100
1313 412 1400 455 (1110(1
1423 417 1516 453 turpe
1540 410 1678 449 videtur,

747 470 827 501 Cum
853 468 999 511 reprobis
1024 469 1057 499 in
1081 473 1273 510 perpetuum
1298 464 1524 507 dampnandus
1548 463 1695 494 habetur.

746 524 788 554 Et
813 523 887 564 quia
914 522 1072 553 discretus
1097 521 1158 551 sibi
1183 519 1333 562 providet
1357 524 1389 549 et
1412 517 1608 556 moderatur,

748 576 875 607 Idcirco
901 575 1004 606 bonus
1030 580 1061 605 ct
1085 574 1205 616 probus
1231 579 1262 603 et
1286 573 1415 614 sapiens
1440 575 1617 613 reputatur.

748 630 798 660 Tu
821 640 898 659 vero
924 639 1051 670 pravos,
1078 626 1242 658 discordes
1268 636 1395 667 semper
1419 624 1544 663 amasti,

747 683 905 714 Latrones
931 687 962 712 et
986 686 1131 723 raptores
1156 679 1215 710 tibi
1240 678 1443 710 consociasti.

748 737 883 767 Potores
909 740 940 765 et
963 735 1099 765 fartores
1124 733 1182 764 tibi
1207 732 1427 769 consiliantur,

749 788 928 820 Carnifices
952 787 1011 818 tibi
1037 798 1110 818 011111
1134 785 1313 817 latronibus
1338 784 1545 823 auxiliantur,

751 842 894 873 Consilio
920 852 1055 883 quorum
1082 839 1252 879 sevissima
1275 838 1361 870 bella
1385 837 1535 880 parastis,

750 895 881 926 Auxilio
908 905 1043 936 quorum
1069 898 1201 924 cunctos
1227 903 1380 934 superare
1404 890 1552 933 putastis.

750 949 806 979 Η11
832 959 904 979 011111
930 947 1065 979 cultellis
1091 951 1221 977 current
1244 946 1277 976 in
1301 950 1445 987 tempore
1470 954 1572 985 werre

751 1002 794 1032 Et
818 1001 893 1032 solis
917 1000 1027 1031 verbis
1051 1000 1095 1030 1111
1122 999 1298 1030 defendent
1321 998 1407 1029 bona
1430 1002 1525 1039 terre.

753 1055 817 1094 Qui
843 1066 915 1085 011111
941 1053 1157 1091 discumbunt,
1183 1064 1241 1083 sua
1264 1051 1368 1094 prelia
1391 1051 1487 1082 fortia
1511 1049 1632 1088 dicunt,

753 1108 945 1150 Depravant
969 1108 1069 1137 iustos
1096 1105 1170 1149 [eta]
1198 1106 1334 1136 sensatis
1359 1104 1567 1142 maledicunt,

752 1161 806 1193 Ad
830 1160 916 1204 celos
942 1171 999 1191 sua
1024 1160 1110 1190 facta
1134 1159 1252 1197 levant,
1278 1158 1385 1189 aliena
1408 1161 1565 1195 tacentur,

753 1214 922 1245 Extollunt
946 1225 1005 1244 sua
1028 1213 1115 1243 facta
1138 1212 1243 1251 nimis,
1270 1212 1345 1242 (111111
1370 1211 1447 1242 vina
1470 1214 1630 1241 tenentur.

754 1268 832 1299 Post
856 1267 915 1298 1100
941 1271 1109 1308 surgentes
1133 1266 1257 1296 incerto
1283 1276 1375 1296 crure
1400 1264 1555 1303 feruntur,

753 1322 796 1352 Et
819 1321 954 1351 nimium
978 1320 1046 1362 poti
1070 1320 1135 1350 iam
1160 1319 1291 1349 dissona
1314 1317 1417 1349 verba
1440 1317 1624 1359 loquuntur.

755 1375 842 1416 Ergo
868 1373 988 1404 decens
1013 1384 1077 1403 non
1101 1378 1150 1403 est
1174 1372 1254 1403 tales
1280 1371 1341 1402 sibi
1365 1372 1499 1412 iungere
1524 1370 1618 1409 lixas,

754 1428 903 1469 Namque
927 1426 1080 1457 moventb
1104 1425 1217 1456 turbas
1242 1430 1274 1456 et
1299 1430 1408 1456 amant
1432 1424 1628 1464 coniungere
1654 1423 1752 1453 rixas.

757 1481 963 1512 Conveniens
987 1491 1053 1511 non
1078 1484 1126 1510 est
1150 1479 1220 1510 illos
1246 1478 1307 1509 sibi
1333 1477 1521 1509 consociare

756 1534 944 1572 Carnifices,
970 1533 1022 1564 vel
1048 1533 1093 1564 eis
1119 1531 1312 1563 abscondita
1335 1531 1542 1573 participare.

755 1588 904 1629 Namque
929 1586 1009 1617 nihil
1034 1586 1148 1626 celant,
1175 1597 1237 1629 que
1262 1590 1336 1615 sunt
1361 1583 1497 1615 celanda
1520 1582 1676 1621 revelant,

756 1641 799 1672 Et
824 1640 910 1682 quod
935 1639 1091 1671 deberent
1116 1640 1150 1669 in
1175 1643 1323 1680 apertum
1348 1637 1456 1668 dicere
1482 1636 1597 1667 celant.

758 1693 917 1725 Canonici
940 1704 1028 1733 vero,
1055 1692 1171 1734 quibus
1197 1691 1330 1734 expedit
1355 1702 1427 1722 esse
1451 1691 1586 1732 111-10105,

758 1747 801 1778 Et
825 1747 949 1778 cunctis
974 1746 1045 1777 aliis
1071 1757 1151 1788 quos
1176 1756 1246 1776 esse
1272 1744 1367 1775 decet
1390 1743 1549 1783 meliores,

759 1801 816 1831 Η11
841 1801 966 1831 cunctis
991 1799 1062 1830 aliis
1087 1799 1222 1830 multum
1247 1803 1321 1828 sunt
1345 1797 1531 1837 deteriores,

760 1854 802 1885 Et
825 1853 960 1884 inultum
984 1852 1066 1883 viles
1091 1857 1123 1883 et
1147 1856 1220 1883 sunt
1244 1851 1315 1882 aliis
1339 1851 1522 1893 nequiores.

761 1908 886 1938 Horum
912 1906 1068 1937 deberent
1092 1906 1170 1936 alios
1195 1904 1346 1946 exempla
1369 1905 1492 1943 fovere,

761 1960 988 2002 Concivesque
1014 1971 1087 1991 suos
1112 1960 1145 1990 in
1169 1958 1298 1989 iusticia
1321 1959 1471 1997 retinere,

761 2014 930 2045 Deberent
955 2013 1158 2055 symoniacos
1183 2023 1202 2042 a
1226 2023 1260 2042 se
1284 2022 1463 2050 removere,

762 2067 931 2098 Deberent
956 2067 1054 2097 etiam
1078 2065 1167 2107 leges
1191 2075 1371 2107 pacemque
1396 2069 1524 2104 tenere,

763 2120 948 2162 Scripturas
973 2131 1082 2150 sacras
1106 2119 1140 2150 in
1164 2124 1292 2160 promtu
1317 2128 1446 2159 semper
1468 2116 1600 2155 habere,

764 2174 873 2216 thue
899 2173 994 2204 decet
1017 2177 1147 2203 sanctos
1171 2172 1205 2202 in
1229 2171 1434 2213 simplicitate
1459 2180 1601 2201 manere.

763 2227 933 2258 Deberent
957 2237 1098 2257 canones
1121 2225 1320 2267 investigare
1344 2223 1493 2265 legendo,

765 2280 853 2319 Quid
877 2279 938 2310 sibi
964 2279 1137 2310 conveniat
1159 2278 1212 2309 vel
1237 2277 1315 2320 quid
1338 2288 1413 2316 non,
1440 2275 1660 2308 discuciendo.

767 2332 934 2364 Debcrent
959 2344 978 2363 a
1002 2343 1035 2363 se
1060 2332 1141 2363 lucri
1165 2342 1333 2362 removere
1358 2341 1517 2372 saporem,

765 2386 847 2417 Nam
873 2386 1069 2428 quicumque
1094 2385 1187 2427 sapit,
1212 2384 1293 2415 lucri
1319 2383 1518 2425 contempnit
1541 2393 1693 2413 amorem.

766 2440 823 2470 Hii
847 2439 1012 2469 matutinis
1037 2437 1194 2469 deberent
1217 2442 1311 2468 noete
1336 2447 1465 2476 vacare,

768 2492 881 2523 Ynmis
907 2497 937 2522 et
961 2491 1094 2533 psalmis
1119 2490 1180 2521 sibi
1206 2490 1308 2532 colica
1331 2500 1434 2531 regna
1457 2500 1583 2531 parare,

768 2545 813 2576 Ut
837 2556 909 2576 011111
933 2544 1101 2586 psalmista
1123 2543 1235 2574 David
1259 2548 1390 2574 cantare
1415 2541 1577 2573 valerent:

770 2597 886 2629 ‘Credo
911 2597 1023 2628 videre
1048 2596 1177 2636 Deum’,
1202 2607 1261 2638 per
1285 2607 1380 2638 quem
1406 2596 1474 2626 sine
1499 2594 1562 2625 fine
1587 2598 1765 2633 manerent,

773 2651 811 2681 Et
836 2651 988 2692 quoniam
1012 2649 1311 2680 theshaurizavistis
1336 2648 1421 2679 mala
1445 2647 1548 2687 vobis,

771 2703 948 2734 Consilium
974 2702 1132 2742 dabimus,
1158 2703 1183 2733 si
1208 2702 1305 2733 vultis
1330 2701 1463 2733 credere
1487 2700 1591 2731 nobis.

773 2756 950 2787 Consilium
974 2761 1119 2787 nostrum
1144 2767 1257 2786 sanum
1281 2766 1321 2785 ne
1347 2754 1544 2796 despiciatis,

773 2809 838 2840 s‘ed
863 2809 948 2851 quod
973 2808 1224 2849 consiliabimur,
1250 2808 1292 2838 ad
1316 2819 1450 2850 presens
1474 2807 1611 2838 faciatis.

779 2893 805 2921 b)
828 2895 937 2916 monent
957 2900 976 2915 c,
