<?xml version="1.0" encoding="UTF-8"?>
<!DOCTYPE html PUBLIC "-//W3C//DTD XHTML 1.0 Transitional//EN"
    "http://www.w3.org/TR/xhtml1/DTD/xhtml1-transitional.dtd">
<html xmlns="http://www.w3.org/1999/xhtml" xml:lang="en" lang="en">
 <head>
  <title>
</title>
<meta http-equiv="Content-Type" content="text/html;charset=utf-8" />
  <meta name='ocr-system' content='tesseract 3.04.00' />
  <meta name='ocr-capabilities' content='ocr_page ocr_carea ocr_par ocr_line ocrx_word'/>
</head>
<body>
  <div class='ocr_page' id='page_1' title='image "./monumenta03geseuoft/monumenta03geseuoft_0366.png"; bbox 0 0 2233 3252; ppageno 0'>
   <div class='ocr_carea' id='block_1_1' title="bbox 289 642 442 768">
    <p class='ocr_par' dir='ltr' id='par_1_1' title="bbox 289 642 442 768">
     <span class='ocr_line' id='line_1_1' title="bbox 317 642 442 661; baseline -0.008 0"><span class='ocrx_word' id='word_1_1' title='bbox 317 643 361 661; x_wconf 64' lang='lat'>101³.</span> <span class='ocrx_word' id='word_1_2' title='bbox 373 645 402 661; x_wconf 75' lang='lat'>11¹,</span> <span class='ocrx_word' id='word_1_3' title='bbox 412 642 442 660; x_wconf 65' lang='lat' dir='ltr'>3st</span> 
     </span>
     <span class='ocr_line' id='line_1_2' title="bbox 311 695 441 714; baseline -0.023 0"><span class='ocrx_word' id='word_1_4' title='bbox 311 696 359 714; x_wconf 60' lang='lat' dir='ltr'>Act.</span> <span class='ocrx_word' id='word_1_5' title='bbox 371 695 441 714; x_wconf 62' lang='grc'>10,&gt;124</span> 
     </span>
     <span class='ocr_line' id='line_1_3' title="bbox 289 748 442 768; baseline -0.013 -1"><span class='ocrx_word' id='word_1_6' title='bbox 289 749 404 768; x_wconf 60' lang='lat' dir='ltr'>Maltl1,2⁵.</span> <span class='ocrx_word' id='word_1_7' title='bbox 414 748 442 765; x_wconf 63' lang='lat'>18.</span> 
     </span>
    </p>
   </div>
   <div class='ocr_carea' id='block_1_2' title="bbox 317 802 444 821">
    <p class='ocr_par' dir='ltr' id='par_1_2' title="bbox 317 802 444 821">
     <span class='ocr_line' id='line_1_4' title="bbox 317 802 444 821; baseline 0 -4"><span class='ocrx_word' id='word_1_8' title='bbox 317 802 349 821; x_wconf 52' lang='lat' dir='ltr'>P„</span> <span class='ocrx_word' id='word_1_9' title='bbox 358 806 376 819; x_wconf 64' lang='lat' dir='ltr'>s,</span> <span class='ocrx_word' id='word_1_10' title='bbox 386 802 444 819; x_wconf 34' lang='lat' dir='ltr'>sijb,</span> 
     </span>
    </p>
   </div>
   <div class='ocr_carea' id='block_1_3' title="bbox 325 1380 444 1400">
    <p class='ocr_par' dir='ltr' id='par_1_3' title="bbox 325 1380 444 1400">
     <span class='ocr_line' id='line_1_5' title="bbox 325 1380 444 1400; baseline 0.008 -3"><span class='ocrx_word' id='word_1_11' title='bbox 325 1380 444 1400; x_wconf 64' lang='lat' dir='ltr'>s*an1.1.8.</span> 
     </span>
    </p>
   </div>
   <div class='ocr_carea' id='block_1_4' title="bbox 333 1487 444 1509">
    <p class='ocr_par' dir='ltr' id='par_1_4' title="bbox 333 1487 444 1509">
     <span class='ocr_line' id='line_1_6' title="bbox 333 1487 444 1509; baseline 0 -5"><span class='ocrx_word' id='word_1_12' title='bbox 333 1487 387 1504; x_wconf 72' lang='lat' dir='ltr'>nan.</span> <span class='ocrx_word' id='word_1_13' title='bbox 397 1487 416 1509; x_wconf 81' lang='grc'>3,</span> <span class='ocrx_word' id='word_1_14' title='bbox 426 1487 444 1504; x_wconf 59' lang='lat' dir='ltr'>s.</span> 
     </span>
    </p>
   </div>
   <div class='ocr_carea' id='block_1_5' title="bbox 351 1628 446 1648">
    <p class='ocr_par' dir='ltr' id='par_1_5' title="bbox 351 1628 446 1648">
     <span class='ocr_line' id='line_1_7' title="bbox 351 1628 446 1648; baseline -0.011 -3"><span class='ocrx_word' id='word_1_15' title='bbox 351 1628 378 1646; x_wconf 75' lang='lat' dir='ltr'>ib.</span> <span class='ocrx_word' id='word_1_16' title='bbox 386 1628 405 1648; x_wconf 74' lang='lat'>5.</span> <span class='ocrx_word' id='word_1_17' title='bbox 415 1628 446 1647; x_wconf 62' lang='grc'>29,</span> 
     </span>
    </p>
   </div>
   <div class='ocr_carea' id='block_1_6' title="bbox 370 1654 445 1677">
    <p class='ocr_par' dir='ltr' id='par_1_6' title="bbox 370 1654 445 1677">
     <span class='ocr_line' id='line_1_8' title="bbox 370 1654 445 1677; baseline 0 -5"><span class='ocrx_word' id='word_1_18' title='bbox 370 1654 403 1677; x_wconf 67' lang='lat'>⁸11.</span> <span class='ocrx_word' id='word_1_19' title='bbox 413 1655 445 1672; x_wconf 63' lang='lat' dir='ltr'>io.</span> 
     </span>
    </p>
   </div>
   <div class='ocr_carea' id='block_1_7' title="bbox 312 2121 448 2143">
    <p class='ocr_par' dir='ltr' id='par_1_7' title="bbox 312 2121 448 2143">
     <span class='ocr_line' id='line_1_9' title="bbox 312 2121 448 2143; baseline -0.015 -5"><span class='ocrx_word' id='word_1_20' title='bbox 312 2121 366 2140; x_wconf 74' lang='lat' dir='ltr'>Gen,</span> <span class='ocrx_word' id='word_1_21' title='bbox 377 2122 406 2143; x_wconf 67' lang='lat'>41,</span> <span class='ocrx_word' id='word_1_22' title='bbox 416 2122 448 2141; x_wconf 70' lang='grc'>40,</span> 
     </span>
    </p>
   </div>
   <div class='ocr_carea' id='block_1_8' title="bbox 463 210 1805 246">
    <p class='ocr_par' dir='ltr' id='par_1_8' title="bbox 463 210 1805 246">
     <span class='ocr_line' id='line_1_10' title="bbox 463 210 1805 246; baseline -0.006 -1"><span class='ocrx_word' id='word_1_23' title='bbox 463 216 524 246; x_wconf 74' lang='grc'>336</span> <span class='ocrx_word' id='word_1_24' title='bbox 754 215 931 242; x_wconf 79' lang='lat' dir='ltr'>GERHOHI</span> <span class='ocrx_word' id='word_1_25' title='bbox 954 213 1189 240; x_wconf 73' lang='lat' dir='ltr'>PRAEPOSITI</span> <span class='ocrx_word' id='word_1_26' title='bbox 1213 210 1618 239; x_wconf 79' lang='lat' dir='ltr'>REICHERSBERGENSIS</span> <span class='ocrx_word' id='word_1_27' title='bbox 1643 211 1805 237; x_wconf 79' lang='lat' dir='ltr'><strong>LIBELLI.</strong></span> 
     </span>
    </p>
   </div>
   <div class='ocr_carea' id='block_1_9' title="bbox 462 302 2155 2573">
    <p class='ocr_par' dir='ltr' id='par_1_9' title="bbox 462 302 2155 2573">
     <span class='ocr_line' id='line_1_11' title="bbox 465 302 2109 353; baseline -0.004 -12"><span class='ocrx_word' id='word_1_28' title='bbox 465 312 600 353; x_wconf 83' lang='lat' dir='ltr'>positum</span> <span class='ocrx_word' id='word_1_29' title='bbox 634 308 796 349; x_wconf 77' lang='lat' dir='ltr'>regalibus</span> <span class='ocrx_word' id='word_1_30' title='bbox 827 306 1019 349; x_wconf 87' lang='lat' dir='ltr'>quibusdam</span> <span class='ocrx_word' id='word_1_31' title='bbox 1052 307 1182 347; x_wconf 85' lang='lat' dir='ltr'>insuper</span> <span class='ocrx_word' id='word_1_32' title='bbox 1213 303 1393 346; x_wconf 81' lang='lat' dir='ltr'>insignibus</span> <span class='ocrx_word' id='word_1_33' title='bbox 1426 303 1602 341; x_wconf 81' lang='lat' dir='ltr'>decoravit,</span> <span class='ocrx_word' id='word_1_34' title='bbox 1632 303 1683 333; x_wconf 89' lang='lat' dir='ltr'>cui</span> <span class='ocrx_word' id='word_1_35' title='bbox 1715 302 1755 333; x_wconf 86' lang='lat' dir='ltr'>ad</span> <span class='ocrx_word' id='word_1_36' title='bbox 1787 303 1916 334; x_wconf 88' lang='lat' dir='ltr'>honoris</span> <span class='ocrx_word' id='word_1_37' title='bbox 1947 303 2109 334; x_wconf 89' lang='lat' dir='ltr'>cumulum</span> 
     </span>
     <span class='ocr_line' id='line_1_12' title="bbox 464 355 2108 404; baseline -0.004 -10"><span class='ocrx_word' id='word_1_38' title='bbox 464 365 557 394; x_wconf 65' lang='lat' dir='ltr'>otiam</span> <span class='ocrx_word' id='word_1_39' title='bbox 584 364 652 404; x_wconf 85' lang='lat' dir='ltr'>ipse</span> <span class='ocrx_word' id='word_1_40' title='bbox 670 361 899 392; x_wconf 74' lang='lat' dir='ltr'>Constantinus</span> <span class='ocrx_word' id='word_1_41' title='bbox 925 365 1036 390; x_wconf 87' lang='lat' dir='ltr'>tenens</span> <span class='ocrx_word' id='word_1_42' title='bbox 1061 359 1187 389; x_wconf 84' lang='lat' dir='ltr'>frenum</span> <span class='ocrx_word' id='word_1_43' title='bbox 1212 369 1270 399; x_wconf 88' lang='lat' dir='ltr'>per</span> <span class='ocrx_word' id='word_1_44' title='bbox 1287 357 1450 388; x_wconf 74' lang='lat' dir='ltr'>civitatem</span> <span class='ocrx_word' id='word_1_45' title='bbox 1475 356 1618 386; x_wconf 89' lang='lat' dir='ltr'>stratoris</span> <span class='ocrx_word' id='word_1_46' title='bbox 1644 355 1786 386; x_wconf 85' lang='lat' dir='ltr'>officium</span> <span class='ocrx_word' id='word_1_47' title='bbox 1803 355 1951 387; x_wconf 82' lang='lat' dir='ltr'>exhibuit</span> <span class='ocrx_word' id='word_1_48' title='bbox 1962 358 1981 386; x_wconf 86' lang='lat'>1.</span> <span class='ocrx_word' id='word_1_49' title='bbox 2014 356 2108 388; x_wconf 85' lang='lat' dir='ltr'>Unde</span> 
     </span>
     <span class='ocr_line' id='line_1_13' title="bbox 462 408 2108 458; baseline -0.004 -11"><span class='ocrx_word' id='word_1_50' title='bbox 462 427 562 458; x_wconf 74' lang='lat' dir='ltr'>usquc</span> <span class='ocrx_word' id='word_1_51' title='bbox 594 415 688 446; x_wconf 80' lang='lat' dir='ltr'>hodie</span> <span class='ocrx_word' id='word_1_52' title='bbox 714 413 890 451; x_wconf 80' lang='lat' dir='ltr'>amborum,</span> <span class='ocrx_word' id='word_1_53' title='bbox 922 413 966 454; x_wconf 85' lang='lat' dir='ltr'>pii</span> <span class='ocrx_word' id='word_1_54' title='bbox 992 412 1145 442; x_wconf 83' lang='lat' dir='ltr'>videlicet</span> <span class='ocrx_word' id='word_1_55' title='bbox 1176 410 1331 452; x_wconf 88' lang='lat' dir='ltr'>principis</span> <span class='ocrx_word' id='word_1_56' title='bbox 1356 408 1559 440; x_wconf 76' lang='lat' dir='ltr'>Constantini</span> <span class='ocrx_word' id='word_1_57' title='bbox 1590 408 1731 450; x_wconf 81' lang='lat' dir='ltr'>itemque</span> <span class='ocrx_word' id='word_1_58' title='bbox 1763 408 1850 439; x_wconf 89' lang='lat' dir='ltr'>beati</span> <span class='ocrx_word' id='word_1_59' title='bbox 1876 408 2022 440; x_wconf 86' lang='lat' dir='ltr'>Silvestri</span> <span class='ocrx_word' id='word_1_60' title='bbox 2047 409 2108 440; x_wconf 91' lang='lat' dir='ltr'>Ro-</span> 
     </span>
     <span class='ocr_line' id='line_1_14' title="bbox 463 460 2107 510; baseline -0.004 -10"><span class='ocrx_word' id='word_1_61' title='bbox 463 469 546 500; x_wconf 82' lang='lat' dir='ltr'>mani</span> <span class='ocrx_word' id='word_1_62' title='bbox 572 468 743 510; x_wconf 76' lang='lat' dir='ltr'>pontificis,</span> <span class='ocrx_word' id='word_1_63' title='bbox 773 466 927 496; x_wconf 81' lang='lat' dir='ltr'>memoria</span> <span class='ocrx_word' id='word_1_64' title='bbox 957 466 988 495; x_wconf 90' lang='lat' dir='ltr'>in</span> <span class='ocrx_word' id='word_1_65' title='bbox 1012 464 1239 495; x_wconf 85' lang='lat' dir='ltr'>benedictione</span> <span class='ocrx_word' id='word_1_66' title='bbox 1265 468 1313 493; x_wconf 86' lang='lat' dir='ltr'>est</span> <span class='ocrx_word' id='word_1_67' title='bbox 1337 467 1367 493; x_wconf 85' lang='lat' dir='ltr'>et</span> <span class='ocrx_word' id='word_1_68' title='bbox 1392 461 1506 492; x_wconf 85' lang='lat' dir='ltr'>futuris</span> <span class='ocrx_word' id='word_1_69' title='bbox 1531 472 1659 502; x_wconf 81' lang='lat' dir='ltr'>semper</span> <span class='ocrx_word' id='word_1_70' title='bbox 1683 460 1780 492; x_wconf 85' lang='lat' dir='ltr'>debet</span> <span class='ocrx_word' id='word_1_71' title='bbox 1803 472 1874 492; x_wconf 82' lang='lat' dir='ltr'>esse</span> <span class='ocrx_word' id='word_1_72' title='bbox 1899 461 2107 504; x_wconf 83' lang='lat' dir='ltr'>temporibus.</span> 
     </span>
     <span class='ocr_line' id='line_1_15' title="bbox 566 514 2140 561; baseline -0.003 -10"><span class='ocrx_word' id='word_1_73' title='bbox 566 521 722 551; x_wconf 82' lang='lat' dir='ltr'>Adiciunt</span> <span class='ocrx_word' id='word_1_74' title='bbox 738 529 865 561; x_wconf 84' lang='lat' dir='ltr'>quoque</span> <span class='ocrx_word' id='word_1_75' title='bbox 884 524 914 549; x_wconf 85' lang='lat' dir='ltr'>et</span> <span class='ocrx_word' id='word_1_76' title='bbox 932 518 1058 549; x_wconf 89' lang='lat' dir='ltr'>dicunt:</span> <span class='ocrx_word' id='word_1_77' title='bbox 1078 517 1149 547; x_wconf 87' lang='lat' dir='ltr'>Hoc</span> <span class='ocrx_word' id='word_1_78' title='bbox 1168 516 1207 547; x_wconf 91' lang='lat' dir='ltr'>de</span> <span class='ocrx_word' id='word_1_79' title='bbox 1226 516 1364 547; x_wconf 83' lang='lat' dir='ltr'>ecclesia</span> <span class='ocrx_word' id='word_1_80' title='bbox 1382 514 1586 545; x_wconf 85' lang='lat' dir='ltr'>sentiendum</span> <span class='ocrx_word' id='word_1_81' title='bbox 1604 519 1661 552; x_wconf 86' lang='lat' dir='ltr'>est⁷</span> <span class='ocrx_word' id='word_1_82' title='bbox 1680 514 1766 556; x_wconf 89' lang='lat' dir='ltr'>quod</span> <span class='ocrx_word' id='word_1_83' title='bbox 1784 519 1815 545; x_wconf 92' lang='lat' dir='ltr'>et</span> <span class='ocrx_word' id='word_1_84' title='bbox 1832 515 1864 545; x_wconf 93' lang='lat' dir='ltr'>in</span> <span class='ocrx_word' id='word_1_85' title='bbox 1879 514 2006 545; x_wconf 83' lang='lat' dir='ltr'>Christo</span> <span class='ocrx_word' id='word_1_86' title='bbox 2024 515 2108 546; x_wconf 89' lang='lat' dir='ltr'>Iesu.</span> <span class='ocrx_word' id='word_1_87' title='bbox 2129 528 2140 546; x_wconf 81' lang='lat'>5</span> 
     </span>
     <span class='ocr_line' id='line_1_16' title="bbox 466 567 2109 609; baseline -0.004 -4"><span class='ocrx_word' id='word_1_88' title='bbox 466 575 544 605; x_wconf 75' lang='lat' dir='ltr'>Nam</span> <span class='ocrx_word' id='word_1_89' title='bbox 571 574 652 604; x_wconf 82' lang='lat' dir='ltr'>sicut</span> <span class='ocrx_word' id='word_1_90' title='bbox 684 574 715 603; x_wconf 90' lang='lat' dir='ltr'>in</span> <span class='ocrx_word' id='word_1_91' title='bbox 741 572 868 602; x_wconf 69' lang='lat' dir='ltr'>Christo</span> <span class='ocrx_word' id='word_1_92' title='bbox 893 571 967 601; x_wconf 79' lang='lat' dir='ltr'>Iesu</span> <span class='ocrx_word' id='word_1_93' title='bbox 992 570 1142 601; x_wconf 83' lang='lat' dir='ltr'>distincta</span> <span class='ocrx_word' id='word_1_94' title='bbox 1167 569 1375 600; x_wconf 89' lang='lat' dir='ltr'>inveniuntur</span> <span class='ocrx_word' id='word_1_95' title='bbox 1397 573 1542 609; x_wconf 87' lang='lat' dir='ltr'>tempora</span> <span class='ocrx_word' id='word_1_96' title='bbox 1567 567 1725 608; x_wconf 78' lang='lat' dir='ltr'>passionis</span> <span class='ocrx_word' id='word_1_97' title='bbox 1750 572 1781 598; x_wconf 87' lang='lat' dir='ltr'>et</span> <span class='ocrx_word' id='word_1_98' title='bbox 1805 567 1921 609; x_wconf 87' lang='lat' dir='ltr'>glorie:</span> <span class='ocrx_word' id='word_1_99' title='bbox 1950 568 2109 609; x_wconf 81' lang='lat' dir='ltr'>passionis</span> 
     </span>
     <span class='ocr_line' id='line_1_17' title="bbox 466 620 2109 668; baseline -0.004 -10"><span class='ocrx_word' id='word_1_100' title='bbox 466 627 617 658; x_wconf 72' lang='lat' dir='ltr'>videlicet</span> <span class='ocrx_word' id='word_1_101' title='bbox 648 626 800 668; x_wconf 75' lang='lat' dir='ltr'>proterite</span> <span class='ocrx_word' id='word_1_102' title='bbox 830 635 902 655; x_wconf 88' lang='grc'><strong>011111</strong></span> <span class='ocrx_word' id='word_1_103' title='bbox 932 629 1065 665; x_wconf 80' lang='lat' dir='ltr'>accepto</span> <span class='ocrx_word' id='word_1_104' title='bbox 1095 627 1186 653; x_wconf 83' lang='lat' dir='ltr'>aceto</span> <span class='ocrx_word' id='word_1_105' title='bbox 1212 622 1311 652; x_wconf 80' lang='lat' dir='ltr'>dixit:</span> <span class='ocrx_word' id='word_1_106' title='bbox 1341 621 1590 651; x_wconf 52' lang='lat' dir='ltr'>Gonsumsnzatzmz</span> <span class='ocrx_word' id='word_1_107' title='bbox 1616 627 1676 651; x_wconf 73' lang='lat' dir='ltr'>est:</span> <span class='ocrx_word' id='word_1_108' title='bbox 1699 620 1799 662; x_wconf 83' lang='lat' dir='ltr'>glorie</span> <span class='ocrx_word' id='word_1_109' title='bbox 1824 632 1901 651; x_wconf 89' lang='lat' dir='ltr'>vero</span> <span class='ocrx_word' id='word_1_110' title='bbox 1926 621 2109 663; x_wconf 89' lang='lat' dir='ltr'>incipientis</span> 
     </span>
     <span class='ocr_line' id='line_1_18' title="bbox 465 673 2109 722; baseline -0.003 -12"><span class='ocrx_word' id='word_1_111' title='bbox 465 679 549 722; x_wconf 81' lang='lat' dir='ltr'>apud</span> <span class='ocrx_word' id='word_1_112' title='bbox 574 680 718 710; x_wconf 85' lang='lat' dir='ltr'>homines</span> <span class='ocrx_word' id='word_1_113' title='bbox 744 689 784 708; x_wconf 82' lang='lat' dir='ltr'>cx</span> <span class='ocrx_word' id='word_1_114' title='bbox 811 688 873 719; x_wconf 85' lang='lat' dir='ltr'>quo</span> <span class='ocrx_word' id='word_1_115' title='bbox 898 687 1071 718; x_wconf 79' lang='lat' dir='ltr'>resurgens</span> <span class='ocrx_word' id='word_1_116' title='bbox 1096 687 1114 706; x_wconf 88' lang='lat' dir='ltr'>a</span> <span class='ocrx_word' id='word_1_117' title='bbox 1138 675 1270 706; x_wconf 85' lang='lat' dir='ltr'>mortuis</span> <span class='ocrx_word' id='word_1_118' title='bbox 1296 675 1475 705; x_wconf 68' lang='lat' dir='ltr'>constiturus</span> <span class='ocrx_word' id='word_1_119' title='bbox 1499 680 1542 704; x_wconf 76' lang='lat' dir='ltr'>est</span> <span class='ocrx_word' id='word_1_120' title='bbox 1564 686 1583 703; x_wconf 75' lang='lat' dir='ltr'>a</span> <span class='ocrx_word' id='word_1_121' title='bbox 1603 673 1670 704; x_wconf 78' lang='lat' dir='ltr'>Deo</span> <span class='ocrx_word' id='word_1_122' title='bbox 1695 674 1792 705; x_wconf 57' lang='lat' dir='ltr'>iudane</span> <span class='ocrx_word' id='word_1_123' title='bbox 1814 675 1955 706; x_wconf 70' lang='lat' dir='ltr'>vivorum</span> <span class='ocrx_word' id='word_1_124' title='bbox 1980 682 2007 705; x_wconf 79' lang='lat' dir='ltr'>et</span> <span class='ocrx_word' id='word_1_125' title='bbox 2029 687 2109 705; x_wconf 74' lang='lat' dir='ltr'>mor-</span> 
     </span>
     <span class='ocr_line' id='line_1_19' title="bbox 463 727 2112 772; baseline -0.002 -10"><span class='ocrx_word' id='word_1_126' title='bbox 463 742 592 771; x_wconf 67' lang='lat' dir='ltr'>tuorum,</span> <span class='ocrx_word' id='word_1_127' title='bbox 618 732 701 762; x_wconf 87' lang='lat' dir='ltr'>unde</span> <span class='ocrx_word' id='word_1_128' title='bbox 728 737 757 762; x_wconf 88' lang='lat' dir='ltr'>et</span> <span class='ocrx_word' id='word_1_129' title='bbox 786 731 854 772; x_wconf 83' lang='lat' dir='ltr'>ipse</span> <span class='ocrx_word' id='word_1_130' title='bbox 880 740 1052 770; x_wconf 77' lang='lat' dir='ltr'>resurgens</span> <span class='ocrx_word' id='word_1_131' title='bbox 1078 740 1096 759; x_wconf 86' lang='lat' dir='ltr'>a</span> <span class='ocrx_word' id='word_1_132' title='bbox 1120 728 1252 759; x_wconf 83' lang='lat' dir='ltr'>mortuis</span> <span class='ocrx_word' id='word_1_133' title='bbox 1282 728 1341 758; x_wconf 88' lang='lat' dir='ltr'>ait:</span> <span class='ocrx_word' id='word_1_134' title='bbox 1376 727 1460 757; x_wconf 77' lang='lat' dir='ltr'>Data</span> <span class='ocrx_word' id='word_1_135' title='bbox 1485 733 1528 757; x_wconf 67' lang='lat' dir='ltr'>est</span> <span class='ocrx_word' id='word_1_136' title='bbox 1552 727 1633 757; x_wconf 64' lang='lat' dir='ltr'>milei</span> <span class='ocrx_word' id='word_1_137' title='bbox 1654 728 1754 758; x_wconf 71' lang='lat' dir='ltr'>omnis</span> <span class='ocrx_word' id='word_1_138' title='bbox 1774 734 1909 769; x_wconf 77' lang='lat' dir='ltr'>potestas</span> <span class='ocrx_word' id='word_1_139' title='bbox 1939 728 1973 758; x_wconf 67' lang='grc' dir='ltr'><strong>’17η</strong></span> <span class='ocrx_word' id='word_1_140' title='bbox 1997 728 2060 758; x_wconf 67' lang='lat' dir='ltr'>velo</span> <span class='ocrx_word' id='word_1_141' title='bbox 2085 735 2112 759; x_wconf 79' lang='lat' dir='ltr'>et</span> 
     </span>
     <span class='ocr_line' id='line_1_20' title="bbox 465 778 2155 826; baseline -0.004 -9"><span class='ocrx_word' id='word_1_142' title='bbox 465 788 494 817; x_wconf 84' lang='grc' dir='ltr'><em>ιή</em></span> <span class='ocrx_word' id='word_1_143' title='bbox 520 794 601 816; x_wconf 68' lang='lat' dir='ltr'>tes-ra</span> <span class='ocrx_word' id='word_1_144' title='bbox 634 791 665 815; x_wconf 86' lang='lat' dir='ltr'>et</span> <span class='ocrx_word' id='word_1_145' title='bbox 689 784 855 826; x_wconf 86' lang='lat' dir='ltr'>psalmista</span> <span class='ocrx_word' id='word_1_146' title='bbox 886 782 925 813; x_wconf 85' lang='lat' dir='ltr'>de</span> <span class='ocrx_word' id='word_1_147' title='bbox 957 782 1026 823; x_wconf 86' lang='lat' dir='ltr'>ipso</span> <span class='ocrx_word' id='word_1_148' title='bbox 1052 787 1222 822; x_wconf 88' lang='lat' dir='ltr'>utrumque</span> <span class='ocrx_word' id='word_1_149' title='bbox 1253 792 1317 811; x_wconf 90' lang='lat' dir='ltr'>uno</span> <span class='ocrx_word' id='word_1_150' title='bbox 1342 790 1438 810; x_wconf 79' lang='lat' dir='ltr'>versu</span> <span class='ocrx_word' id='word_1_151' title='bbox 1470 778 1705 820; x_wconf 86' lang='lat' dir='ltr'>complectens:</span> <span class='ocrx_word' id='word_1_152' title='bbox 1738 779 1889 811; x_wconf 63' lang='lat' dir='ltr'>Minuisti</span> <span class='ocrx_word' id='word_1_153' title='bbox 1917 793 1982 811; x_wconf 71' lang='lat' dir='ltr'>eum</span> <span class='ocrx_word' id='word_1_154' title='bbox 2008 781 2110 822; x_wconf 72' lang='lat' dir='ltr'>paulo</span> <span class='ocrx_word' id='word_1_155' title='bbox 2131 792 2155 811; x_wconf 87' lang='lat'>10</span> 
     </span>
     <span class='ocr_line' id='line_1_21' title="bbox 465 833 2110 880; baseline -0.003 -11"><span class='ocrx_word' id='word_1_156' title='bbox 465 841 564 870; x_wconf 65' lang='lat' dir='ltr'>minus</span> <span class='ocrx_word' id='word_1_157' title='bbox 589 840 626 869; x_wconf 65' lang='lat' dir='ltr'>al»</span> <span class='ocrx_word' id='word_1_158' title='bbox 644 838 773 880; x_wconf 62' lang='lat' dir='ltr'>amyclis.</span> <span class='ocrx_word' id='word_1_159' title='bbox 796 837 899 879; x_wconf 62' lang='lat' dir='ltr'>gloria</span> <span class='ocrx_word' id='word_1_160' title='bbox 926 843 952 866; x_wconf 71' lang='lat' dir='ltr'>et</span> <span class='ocrx_word' id='word_1_161' title='bbox 976 836 1088 866; x_wconf 64' lang='lat' dir='ltr'>honore</span> <span class='ocrx_word' id='word_1_162' title='bbox 1113 834 1271 865; x_wconf 60' lang='lat' dir='ltr'>coronasti</span> <span class='ocrx_word' id='word_1_163' title='bbox 1292 846 1357 864; x_wconf 72' lang='lat' dir='ltr'>eum</span> <span class='ocrx_word' id='word_1_164' title='bbox 1384 840 1411 863; x_wconf 75' lang='lat' dir='ltr'>et</span> <span class='ocrx_word' id='word_1_165' title='bbox 1434 833 1622 864; x_wconf 66' lang='lat' dir='ltr'>constituisti</span> <span class='ocrx_word' id='word_1_166' title='bbox 1643 845 1710 863; x_wconf 70' lang='lat' dir='ltr'>enm</span> <span class='ocrx_word' id='word_1_167' title='bbox 1734 845 1828 875; x_wconf 74' lang='lat' dir='ltr'>super</span> <span class='ocrx_word' id='word_1_168' title='bbox 1844 845 1938 875; x_wconf 76' lang='lat' dir='ltr'>opera</span> <span class='ocrx_word' id='word_1_169' title='bbox 1962 846 2110 864; x_wconf 77' lang='lat' dir='ltr'>‘manuum</span> 
     </span>
     <span class='ocr_line' id='line_1_22' title="bbox 464 885 2109 930; baseline -0.002 -9"><span class='ocrx_word' id='word_1_170' title='bbox 464 900 596 924; x_wconf 71' lang='lat' dir='ltr'>tuarum,</span> <span class='ocrx_word' id='word_1_171' title='bbox 622 892 724 921; x_wconf 65' lang='lat' dir='ltr'>omnia</span> <span class='ocrx_word' id='word_1_172' title='bbox 750 890 911 920; x_wconf 63' lang='lat' dir='ltr'>sahiecfste·</span> <span class='ocrx_word' id='word_1_173' title='bbox 932 889 986 919; x_wconf 74' lang='lat' dir='ltr'>sub</span> <span class='ocrx_word' id='word_1_174' title='bbox 1007 888 1143 930; x_wconf 68' lang='lat' dir='ltr'>pedihus</span> <span class='ocrx_word' id='word_1_175' title='bbox 1167 888 1251 918; x_wconf 69' lang='lat' dir='ltr'>eius:</span> <span class='ocrx_word' id='word_1_176' title='bbox 1282 886 1326 916; x_wconf 87' lang='lat' dir='ltr'>ita</span> <span class='ocrx_word' id='word_1_177' title='bbox 1350 890 1382 916; x_wconf 89' lang='lat' dir='ltr'>et</span> <span class='ocrx_word' id='word_1_178' title='bbox 1406 885 1438 915; x_wconf 94' lang='lat' dir='ltr'>in</span> <span class='ocrx_word' id='word_1_179' title='bbox 1463 885 1602 916; x_wconf 87' lang='lat' dir='ltr'>eeclesia</span> <span class='ocrx_word' id='word_1_180' title='bbox 1626 885 1777 916; x_wconf 87' lang='lat' dir='ltr'>distincta</span> <span class='ocrx_word' id='word_1_181' title='bbox 1807 886 2014 917; x_wconf 86' lang='lat' dir='ltr'>inveniuntur</span> <span class='ocrx_word' id='word_1_182' title='bbox 2037 897 2109 928; x_wconf 86' lang='lat' dir='ltr'>pas-</span> 
     </span>
     <span class='ocr_line' id='line_1_23' title="bbox 464 938 2108 985; baseline -0.003 -10"><span class='ocrx_word' id='word_1_183' title='bbox 464 945 561 975; x_wconf 81' lang='lat' dir='ltr'>sionis</span> <span class='ocrx_word' id='word_1_184' title='bbox 587 950 617 975; x_wconf 82' lang='lat' dir='ltr'>et</span> <span class='ocrx_word' id='word_1_185' title='bbox 641 944 761 985; x_wconf 85' lang='lat' dir='ltr'>gloriae</span> <span class='ocrx_word' id='word_1_186' title='bbox 793 947 948 983; x_wconf 83' lang='lat' dir='ltr'>tempora.</span> <span class='ocrx_word' id='word_1_187' title='bbox 995 941 1078 971; x_wconf 86' lang='lat' dir='ltr'>Nam</span> <span class='ocrx_word' id='word_1_188' title='bbox 1110 945 1254 981; x_wconf 88' lang='lat' dir='ltr'>tempora</span> <span class='ocrx_word' id='word_1_189' title='bbox 1285 939 1444 980; x_wconf 86' lang='lat' dir='ltr'>passionis</span> <span class='ocrx_word' id='word_1_190' title='bbox 1470 938 1499 969; x_wconf 91' lang='lat' dir='ltr'>ei</span> <span class='ocrx_word' id='word_1_191' title='bbox 1524 939 1699 969; x_wconf 84' lang='lat' dir='ltr'>extiterunt</span> <span class='ocrx_word' id='word_1_192' title='bbox 1724 949 1785 980; x_wconf 90' lang='lat' dir='ltr'>que</span> <span class='ocrx_word' id='word_1_193' title='bbox 1811 943 1842 969; x_wconf 86' lang='lat' dir='ltr'>et</span> <span class='ocrx_word' id='word_1_194' title='bbox 1866 940 2108 981; x_wconf 76' lang='lat' dir='ltr'>persecutionis,</span> 
     </span>
     <span class='ocr_line' id='line_1_24' title="bbox 465 991 2109 1040; baseline -0.003 -12"><span class='ocrx_word' id='word_1_195' title='bbox 465 997 592 1040; x_wconf 86' lang='lat' dir='ltr'>quando</span> <span class='ocrx_word' id='word_1_196' title='bbox 617 1008 675 1038; x_wconf 92' lang='lat' dir='ltr'>per</span> <span class='ocrx_word' id='word_1_197' title='bbox 699 997 928 1037; x_wconf 85' lang='lat' dir='ltr'>imperatorum</span> <span class='ocrx_word' id='word_1_198' title='bbox 952 993 1119 1035; x_wconf 82' lang='lat' dir='ltr'>gentilium</span> <span class='ocrx_word' id='word_1_199' title='bbox 1144 992 1251 1023; x_wconf 88' lang='lat' dir='ltr'>edicta</span> <span class='ocrx_word' id='word_1_200' title='bbox 1275 991 1418 1023; x_wconf 78' lang='lat' dir='ltr'>crudelia</span> <span class='ocrx_word' id='word_1_201' title='bbox 1444 991 1575 1033; x_wconf 83' lang='lat' dir='ltr'>sanguis</span> <span class='ocrx_word' id='word_1_202' title='bbox 1600 992 1766 1022; x_wconf 89' lang='lat' dir='ltr'>martirum</span> <span class='ocrx_word' id='word_1_203' title='bbox 1791 992 1910 1023; x_wconf 81' lang='lat' dir='ltr'>effusus</span> <span class='ocrx_word' id='word_1_204' title='bbox 1936 998 1984 1023; x_wconf 88' lang='lat' dir='ltr'>est</span> <span class='ocrx_word' id='word_1_205' title='bbox 2007 1003 2109 1034; x_wconf 86' lang='lat' dir='ltr'>usque</span> 
     </span>
     <span class='ocr_line' id='line_1_25' title="bbox 464 1043 2154 1091; baseline -0.003 -10"><span class='ocrx_word' id='word_1_206' title='bbox 464 1050 504 1081; x_wconf 87' lang='lat' dir='ltr'>ad</span> <span class='ocrx_word' id='word_1_207' title='bbox 530 1056 675 1091; x_wconf 82' lang='lat' dir='ltr'>tempora</span> <span class='ocrx_word' id='word_1_208' title='bbox 698 1049 743 1091; x_wconf 88' lang='lat' dir='ltr'>pii</span> <span class='ocrx_word' id='word_1_209' title='bbox 768 1048 922 1090; x_wconf 88' lang='lat' dir='ltr'>principis</span> <span class='ocrx_word' id='word_1_210' title='bbox 948 1046 1161 1083; x_wconf 79' lang='lat' dir='ltr'>Constantini,</span> <span class='ocrx_word' id='word_1_211' title='bbox 1187 1057 1259 1076; x_wconf 89' lang='lat' dir='ltr'>cum</span> <span class='ocrx_word' id='word_1_212' title='bbox 1284 1044 1437 1076; x_wconf 87' lang='lat' dir='ltr'>videlicet</span> <span class='ocrx_word' id='word_1_213' title='bbox 1468 1044 1606 1075; x_wconf 89' lang='lat' dir='ltr'>ecclesia</span> <span class='ocrx_word' id='word_1_214' title='bbox 1638 1044 1777 1086; x_wconf 88' lang='lat' dir='ltr'>gloriosa</span> <span class='ocrx_word' id='word_1_215' title='bbox 1803 1043 1868 1076; x_wconf 81' lang='lat' dir='ltr'>&#39;fuit</span> <span class='ocrx_word' id='word_1_216' title='bbox 1891 1045 1978 1087; x_wconf 86' lang='lat' dir='ltr'>apud</span> <span class='ocrx_word' id='word_1_217' title='bbox 2001 1045 2109 1076; x_wconf 89' lang='lat' dir='ltr'>Deum</span> <span class='ocrx_word' id='word_1_218' title='bbox 2131 1057 2154 1076; x_wconf 83' lang='lat'>15</span> 
     </span>
     <span class='ocr_line' id='line_1_26' title="bbox 465 1097 2107 1143; baseline -0.003 -9"><span class='ocrx_word' id='word_1_219' title='bbox 465 1110 587 1134; x_wconf 86' lang='lat' dir='ltr'>tantum</span> <span class='ocrx_word' id='word_1_220' title='bbox 612 1108 641 1133; x_wconf 89' lang='lat' dir='ltr'>et</span> <span class='ocrx_word' id='word_1_221' title='bbox 666 1113 730 1132; x_wconf 92' lang='lat' dir='ltr'>non</span> <span class='ocrx_word' id='word_1_222' title='bbox 754 1101 839 1143; x_wconf 88' lang='lat' dir='ltr'>apud</span> <span class='ocrx_word' id='word_1_223' title='bbox 864 1101 1019 1132; x_wconf 82' lang='lat' dir='ltr'>homines.</span> <span class='ocrx_word' id='word_1_224' title='bbox 1046 1111 1087 1130; x_wconf 86' lang='lat' dir='ltr'>ex</span> <span class='ocrx_word' id='word_1_225' title='bbox 1111 1105 1186 1129; x_wconf 91' lang='lat' dir='ltr'>tunc</span> <span class='ocrx_word' id='word_1_226' title='bbox 1208 1110 1285 1129; x_wconf 88' lang='lat' dir='ltr'>vero</span> <span class='ocrx_word' id='word_1_227' title='bbox 1311 1099 1406 1129; x_wconf 86' lang='lat' dir='ltr'>etiam</span> <span class='ocrx_word' id='word_1_228' title='bbox 1432 1098 1503 1139; x_wconf 85' lang='lat' dir='ltr'>ipsa</span> <span class='ocrx_word' id='word_1_229' title='bbox 1526 1097 1628 1139; x_wconf 84' lang='lat' dir='ltr'>gloria</span> <span class='ocrx_word' id='word_1_230' title='bbox 1652 1103 1683 1128; x_wconf 90' lang='lat' dir='ltr'>et</span> <span class='ocrx_word' id='word_1_231' title='bbox 1707 1097 1827 1129; x_wconf 92' lang='lat' dir='ltr'>honore</span> <span class='ocrx_word' id='word_1_232' title='bbox 1852 1109 1890 1129; x_wconf 88' lang='lat' dir='ltr'>ac</span> <span class='ocrx_word' id='word_1_233' title='bbox 1914 1098 2035 1129; x_wconf 85' lang='lat' dir='ltr'>divitiis</span> <span class='ocrx_word' id='word_1_234' title='bbox 2060 1110 2107 1129; x_wconf 90' lang='lat' dir='ltr'>re-</span> 
     </span>
     <span class='ocr_line' id='line_1_27' title="bbox 465 1150 2108 1197; baseline -0.003 -10"><span class='ocrx_word' id='word_1_235' title='bbox 465 1155 590 1197; x_wconf 79' lang='lat' dir='ltr'>galibus</span> <span class='ocrx_word' id='word_1_236' title='bbox 615 1161 709 1186; x_wconf 82' lang='lat' dir='ltr'>aucta</span> <span class='ocrx_word' id='word_1_237' title='bbox 733 1155 819 1196; x_wconf 86' lang='lat' dir='ltr'>cepit</span> <span class='ocrx_word' id='word_1_238' title='bbox 843 1165 912 1184; x_wconf 82' lang='lat' dir='ltr'>esse</span> <span class='ocrx_word' id='word_1_239' title='bbox 937 1153 1076 1194; x_wconf 81' lang='lat' dir='ltr'>gloriosa</span> <span class='ocrx_word' id='word_1_240' title='bbox 1100 1164 1164 1183; x_wconf 89' lang='lat' dir='ltr'>non</span> <span class='ocrx_word' id='word_1_241' title='bbox 1189 1151 1291 1182; x_wconf 88' lang='lat' dir='ltr'>solum</span> <span class='ocrx_word' id='word_1_242' title='bbox 1315 1151 1401 1193; x_wconf 89' lang='lat' dir='ltr'>apud</span> <span class='ocrx_word' id='word_1_243' title='bbox 1425 1151 1543 1189; x_wconf 74' lang='lat' dir='ltr'>Deum,</span> <span class='ocrx_word' id='word_1_244' title='bbox 1569 1150 1626 1181; x_wconf 89' lang='lat' dir='ltr'>sed</span> <span class='ocrx_word' id='word_1_245' title='bbox 1651 1151 1747 1182; x_wconf 88' lang='lat' dir='ltr'>etiam</span> <span class='ocrx_word' id='word_1_246' title='bbox 1771 1151 1857 1193; x_wconf 88' lang='lat' dir='ltr'>apud</span> <span class='ocrx_word' id='word_1_247' title='bbox 1882 1151 2035 1191; x_wconf 82' lang='lat' dir='ltr'>homines,</span> <span class='ocrx_word' id='word_1_248' title='bbox 2062 1153 2108 1182; x_wconf 92' lang='lat' dir='ltr'>in-</span> 
     </span>
     <span class='ocr_line' id='line_1_28' title="bbox 466 1203 2108 1247; baseline -0.003 -7"><span class='ocrx_word' id='word_1_249' title='bbox 466 1209 590 1240; x_wconf 84' lang='lat' dir='ltr'>clinatis</span> <span class='ocrx_word' id='word_1_250' title='bbox 622 1209 770 1239; x_wconf 89' lang='lat' dir='ltr'>nimirum</span> <span class='ocrx_word' id='word_1_251' title='bbox 803 1206 844 1237; x_wconf 83' lang='lat' dir='ltr'>ad</span> <span class='ocrx_word' id='word_1_252' title='bbox 869 1218 940 1237; x_wconf 84' lang='lat' dir='ltr'>eam</span> <span class='ocrx_word' id='word_1_253' title='bbox 971 1205 1101 1247; x_wconf 86' lang='lat' dir='ltr'>regibus</span> <span class='ocrx_word' id='word_1_254' title='bbox 1134 1216 1170 1235; x_wconf 83' lang='lat' dir='ltr'>ac</span> <span class='ocrx_word' id='word_1_255' title='bbox 1202 1216 1375 1246; x_wconf 81' lang='lat' dir='ltr'>regnorum</span> <span class='ocrx_word' id='word_1_256' title='bbox 1400 1203 1594 1235; x_wconf 79' lang='lat' dir='ltr'>culminibus</span> <span class='ocrx_word' id='word_1_257' title='bbox 1619 1209 1651 1235; x_wconf 87' lang='lat' dir='ltr'>et</span> <span class='ocrx_word' id='word_1_258' title='bbox 1675 1209 1859 1235; x_wconf 88' lang='lat' dir='ltr'>sanctorum</span> <span class='ocrx_word' id='word_1_259' title='bbox 1890 1204 2108 1236; x_wconf 88' lang='lat' dir='ltr'>confessiones</span> 
     </span>
     <span class='ocr_line' id='line_1_29' title="bbox 465 1256 2106 1303; baseline -0.002 -11"><span class='ocrx_word' id='word_1_260' title='bbox 465 1274 521 1303; x_wconf 87' lang='lat' dir='ltr'>pro</span> <span class='ocrx_word' id='word_1_261' title='bbox 552 1262 728 1303; x_wconf 79' lang='lat' dir='ltr'>ignominia</span> <span class='ocrx_word' id='word_1_262' title='bbox 756 1261 861 1302; x_wconf 83' lang='lat' dir='ltr'>priore</span> <span class='ocrx_word' id='word_1_263' title='bbox 893 1260 925 1289; x_wconf 93' lang='lat' dir='ltr'>in</span> <span class='ocrx_word' id='word_1_264' title='bbox 950 1259 1085 1289; x_wconf 89' lang='lat' dir='ltr'>edificiis</span> <span class='ocrx_word' id='word_1_265' title='bbox 1111 1264 1142 1289; x_wconf 87' lang='lat' dir='ltr'>et</span> <span class='ocrx_word' id='word_1_266' title='bbox 1166 1257 1351 1299; x_wconf 88' lang='lat' dir='ltr'>prediorum</span> <span class='ocrx_word' id='word_1_267' title='bbox 1384 1256 1610 1288; x_wconf 85' lang='lat' dir='ltr'>donationibus</span> <span class='ocrx_word' id='word_1_268' title='bbox 1641 1257 1812 1299; x_wconf 82' lang='lat' dir='ltr'>magnifice</span> <span class='ocrx_word' id='word_1_269' title='bbox 1843 1257 2106 1299; x_wconf 86' lang='lat' dir='ltr'>glorificantibus,</span> 
     </span>
     <span class='ocr_line' id='line_1_30' title="bbox 465 1310 2154 1356; baseline -0.002 -11"><span class='ocrx_word' id='word_1_270' title='bbox 465 1316 547 1345; x_wconf 90' lang='lat' dir='ltr'>inter</span> <span class='ocrx_word' id='word_1_271' title='bbox 572 1326 633 1356; x_wconf 87' lang='lat' dir='ltr'>que</span> <span class='ocrx_word' id='word_1_272' title='bbox 658 1315 754 1345; x_wconf 87' lang='lat' dir='ltr'>etiam</span> <span class='ocrx_word' id='word_1_273' title='bbox 779 1313 904 1354; x_wconf 84' lang='lat' dir='ltr'>regales</span> <span class='ocrx_word' id='word_1_274' title='bbox 930 1313 958 1343; x_wconf 90' lang='lat' dir='ltr'>ei</span> <span class='ocrx_word' id='word_1_275' title='bbox 984 1311 1114 1353; x_wconf 86' lang='lat' dir='ltr'>quidam</span> <span class='ocrx_word' id='word_1_276' title='bbox 1139 1311 1275 1342; x_wconf 89' lang='lat' dir='ltr'>honores</span> <span class='ocrx_word' id='word_1_277' title='bbox 1301 1310 1407 1342; x_wconf 84' lang='lat' dir='ltr'>collati</span> <span class='ocrx_word' id='word_1_278' title='bbox 1433 1316 1515 1349; x_wconf 84' lang='lat' dir='ltr'>sunt,</span> <span class='ocrx_word' id='word_1_279' title='bbox 1541 1315 1575 1341; x_wconf 89' lang='lat' dir='ltr'>ut</span> <span class='ocrx_word' id='word_1_280' title='bbox 1598 1310 1670 1352; x_wconf 86' lang='lat' dir='ltr'>ipsi.</span> <span class='ocrx_word' id='word_1_281' title='bbox 1701 1311 1782 1341; x_wconf 86' lang='lat' dir='ltr'>sicut</span> <span class='ocrx_word' id='word_1_282' title='bbox 1806 1311 2018 1352; x_wconf 79' lang='lat' dir='ltr'>premisimuS,</span> <span class='ocrx_word' id='word_1_283' title='bbox 2044 1311 2108 1342; x_wconf 83' lang='lat' dir='ltr'>dici</span> <span class='ocrx_word' id='word_1_284' title='bbox 2129 1323 2154 1342; x_wconf 78' lang='lat'>20</span> 
     </span>
     <span class='ocr_line' id='line_1_31' title="bbox 465 1363 2109 1408; baseline -0.002 -10"><span class='ocrx_word' id='word_1_285' title='bbox 465 1368 636 1398; x_wconf 80' lang='lat' dir='ltr'>conveniat</span> <span class='ocrx_word' id='word_1_286' title='bbox 660 1379 679 1397; x_wconf 92' lang='lat' dir='ltr'>a</span> <span class='ocrx_word' id='word_1_287' title='bbox 703 1377 819 1408; x_wconf 86' lang='lat' dir='ltr'>sponso</span> <span class='ocrx_word' id='word_1_288' title='bbox 852 1377 908 1396; x_wconf 89' lang='lat' dir='ltr'>suo</span> <span class='ocrx_word' id='word_1_289' title='bbox 933 1364 1071 1401; x_wconf 74' lang='lat' dir='ltr'>Christo,</span> <span class='ocrx_word' id='word_1_290' title='bbox 1098 1364 1183 1406; x_wconf 91' lang='lat' dir='ltr'>quod</span> <span class='ocrx_word' id='word_1_291' title='bbox 1208 1364 1364 1406; x_wconf 88' lang='lat' dir='ltr'>equitatui</span> <span class='ocrx_word' id='word_1_292' title='bbox 1394 1364 1463 1394; x_wconf 90' lang='lat' dir='ltr'>eius</span> <span class='ocrx_word' id='word_1_293' title='bbox 1494 1364 1527 1394; x_wconf 90' lang='lat' dir='ltr'>in</span> <span class='ocrx_word' id='word_1_294' title='bbox 1552 1363 1699 1394; x_wconf 88' lang='lat' dir='ltr'>curribus</span> <span class='ocrx_word' id='word_1_295' title='bbox 1723 1363 1902 1395; x_wconf 85' lang='lat' dir='ltr'>Pharaonis</span> <span class='ocrx_word' id='word_1_296' title='bbox 1933 1364 2109 1395; x_wconf 83' lang='lat' dir='ltr'>assimilata</span> 
     </span>
     <span class='ocr_line' id='line_1_32' title="bbox 465 1416 2108 1460; baseline -0.002 -9"><span class='ocrx_word' id='word_1_297' title='bbox 465 1421 504 1451; x_wconf 85' lang='lat' dir='ltr'>sit</span> <span class='ocrx_word' id='word_1_298' title='bbox 528 1421 632 1451; x_wconf 84' lang='lat' dir='ltr'>amica</span> <span class='ocrx_word' id='word_1_299' title='bbox 657 1421 734 1450; x_wconf 88' lang='lat' dir='ltr'>eius.</span> <span class='ocrx_word' id='word_1_300' title='bbox 772 1418 872 1450; x_wconf 82' lang='lat' dir='ltr'>Cuius</span> <span class='ocrx_word' id='word_1_301' title='bbox 896 1419 942 1449; x_wconf 90' lang='lat' dir='ltr'>rei</span> <span class='ocrx_word' id='word_1_302' title='bbox 967 1424 1073 1460; x_wconf 82' lang='lat' dir='ltr'>typus,</span> <span class='ocrx_word' id='word_1_303' title='bbox 1099 1418 1197 1454; x_wconf 62' lang='lat' dir='ltr'>aiunt,</span> <span class='ocrx_word' id='word_1_304' title='bbox 1223 1417 1256 1448; x_wconf 92' lang='lat' dir='ltr'>in</span> <span class='ocrx_word' id='word_1_305' title='bbox 1272 1416 1374 1448; x_wconf 89' lang='lat' dir='ltr'>tribus</span> <span class='ocrx_word' id='word_1_306' title='bbox 1397 1427 1524 1459; x_wconf 88' lang='lat' dir='ltr'>quoque</span> <span class='ocrx_word' id='word_1_307' title='bbox 1548 1417 1657 1458; x_wconf 88' lang='lat' dir='ltr'>pueris</span> <span class='ocrx_word' id='word_1_308' title='bbox 1683 1422 1713 1447; x_wconf 90' lang='lat' dir='ltr'>et</span> <span class='ocrx_word' id='word_1_309' title='bbox 1738 1422 1851 1459; x_wconf 89' lang='lat' dir='ltr'>quarto</span> <span class='ocrx_word' id='word_1_310' title='bbox 1876 1418 1963 1448; x_wconf 89' lang='lat' dir='ltr'>socio</span> <span class='ocrx_word' id='word_1_311' title='bbox 1988 1428 2108 1454; x_wconf 74' lang='lat' dir='ltr'>eorum,</span> 
     </span>
     <span class='ocr_line' id='line_1_33' title="bbox 467 1469 2109 1515; baseline -0.002 -11"><span class='ocrx_word' id='word_1_312' title='bbox 467 1473 612 1511; x_wconf 79' lang='lat' dir='ltr'>Daniele,</span> <span class='ocrx_word' id='word_1_313' title='bbox 645 1473 811 1515; x_wconf 85' lang='lat' dir='ltr'>precessit.</span> <span class='ocrx_word' id='word_1_314' title='bbox 859 1471 908 1502; x_wconf 89' lang='lat' dir='ltr'>Illi</span> <span class='ocrx_word' id='word_1_315' title='bbox 940 1482 1079 1513; x_wconf 87' lang='lat' dir='ltr'>namque</span> <span class='ocrx_word' id='word_1_316' title='bbox 1111 1471 1241 1501; x_wconf 88' lang='lat' dir='ltr'>fornace</span> <span class='ocrx_word' id='word_1_317' title='bbox 1274 1469 1443 1501; x_wconf 88' lang='lat' dir='ltr'>Babilonie</span> <span class='ocrx_word' id='word_1_318' title='bbox 1475 1475 1627 1512; x_wconf 87' lang='lat' dir='ltr'>superata</span> <span class='ocrx_word' id='word_1_319' title='bbox 1658 1470 1758 1501; x_wconf 87' lang='lat' dir='ltr'>incliti</span> <span class='ocrx_word' id='word_1_320' title='bbox 1788 1470 1991 1512; x_wconf 85' lang='lat' dir='ltr'>postmodum</span> <span class='ocrx_word' id='word_1_321' title='bbox 2023 1470 2109 1512; x_wconf 89' lang='lat' dir='ltr'>apud</span> 
     </span>
     <span class='ocr_line' id='line_1_34' title="bbox 466 1522 2108 1568; baseline -0.002 -11"><span class='ocrx_word' id='word_1_322' title='bbox 466 1538 573 1568; x_wconf 84' lang='lat' dir='ltr'>regem</span> <span class='ocrx_word' id='word_1_323' title='bbox 598 1525 699 1557; x_wconf 84' lang='lat' dir='ltr'>habiti</span> <span class='ocrx_word' id='word_1_324' title='bbox 725 1531 756 1556; x_wconf 87' lang='lat' dir='ltr'>et</span> <span class='ocrx_word' id='word_1_325' title='bbox 779 1526 984 1567; x_wconf 83' lang='lat' dir='ltr'>magistratus</span> <span class='ocrx_word' id='word_1_326' title='bbox 1009 1525 1128 1555; x_wconf 88' lang='lat' dir='ltr'>honore</span> <span class='ocrx_word' id='word_1_327' title='bbox 1159 1524 1190 1554; x_wconf 94' lang='lat' dir='ltr'>in</span> <span class='ocrx_word' id='word_1_328' title='bbox 1215 1524 1375 1565; x_wconf 85' lang='lat' dir='ltr'>provintia</span> <span class='ocrx_word' id='word_1_329' title='bbox 1398 1522 1568 1553; x_wconf 84' lang='lat' dir='ltr'>Babilonie</span> <span class='ocrx_word' id='word_1_330' title='bbox 1593 1523 1695 1554; x_wconf 89' lang='lat' dir='ltr'>functi</span> <span class='ocrx_word' id='word_1_331' title='bbox 1719 1528 1808 1563; x_wconf 68' lang='lat' dir='ltr'>sunt3</span> <span class='ocrx_word' id='word_1_332' title='bbox 1838 1523 1956 1554; x_wconf 86' lang='lat' dir='ltr'>Daniel</span> <span class='ocrx_word' id='word_1_333' title='bbox 1981 1534 2108 1565; x_wconf 90' lang='lat' dir='ltr'>quoque</span> 
     </span>
     <span class='ocr_line' id='line_1_35' title="bbox 465 1576 2153 1621; baseline -0.002 -11"><span class='ocrx_word' id='word_1_334' title='bbox 465 1586 536 1621; x_wconf 87' lang='lat' dir='ltr'>post</span> <span class='ocrx_word' id='word_1_335' title='bbox 560 1579 715 1621; x_wconf 85' lang='lat' dir='ltr'>regalium</span> <span class='ocrx_word' id='word_1_336' title='bbox 734 1579 922 1610; x_wconf 88' lang='lat' dir='ltr'>solutionem</span> <span class='ocrx_word' id='word_1_337' title='bbox 940 1578 1145 1613; x_wconf 74' lang='lat' dir='ltr'>somniorum,</span> <span class='ocrx_word' id='word_1_338' title='bbox 1170 1582 1243 1619; x_wconf 88' lang='lat' dir='ltr'>post</span> <span class='ocrx_word' id='word_1_339' title='bbox 1264 1577 1443 1618; x_wconf 87' lang='lat' dir='ltr'>scripturae</span> <span class='ocrx_word' id='word_1_340' title='bbox 1464 1577 1560 1607; x_wconf 84' lang='lat' dir='ltr'>etiam</span> <span class='ocrx_word' id='word_1_341' title='bbox 1581 1576 1614 1606; x_wconf 91' lang='lat' dir='ltr'>in</span> <span class='ocrx_word' id='word_1_342' title='bbox 1635 1577 1757 1618; x_wconf 87' lang='lat' dir='ltr'>pariete</span> <span class='ocrx_word' id='word_1_343' title='bbox 1775 1576 1846 1607; x_wconf 90' lang='lat' dir='ltr'>aule</span> <span class='ocrx_word' id='word_1_344' title='bbox 1864 1576 1981 1618; x_wconf 82' lang='lat' dir='ltr'>regalis</span> <span class='ocrx_word' id='word_1_345' title='bbox 1999 1582 2109 1607; x_wconf 88' lang='lat' dir='ltr'>contra</span> <span class='ocrx_word' id='word_1_346' title='bbox 2128 1589 2153 1607; x_wconf 77' lang='lat'>25</span> 
     </span>
     <span class='ocr_line' id='line_1_36' title="bbox 466 1630 2108 1673; baseline -0.002 -10"><span class='ocrx_word' id='word_1_347' title='bbox 466 1632 695 1663; x_wconf 83' lang='lat' dir='ltr'>candelabrum</span> <span class='ocrx_word' id='word_1_348' title='bbox 714 1632 831 1673; x_wconf 85' lang='lat' dir='ltr'>scripte</span> <span class='ocrx_word' id='word_1_349' title='bbox 849 1631 1019 1662; x_wconf 79' lang='lat' dir='ltr'>lectionem</span> <span class='ocrx_word' id='word_1_350' title='bbox 1037 1630 1130 1661; x_wconf 90' lang='lat' dir='ltr'>simul</span> <span class='ocrx_word' id='word_1_351' title='bbox 1156 1635 1187 1661; x_wconf 87' lang='lat' dir='ltr'>et</span> <span class='ocrx_word' id='word_1_352' title='bbox 1210 1630 1508 1671; x_wconf 79' lang='lat' dir='ltr'>interpretationem</span> <span class='ocrx_word' id='word_1_353' title='bbox 1533 1634 1565 1660; x_wconf 88' lang='lat' dir='ltr'>et</span> <span class='ocrx_word' id='word_1_354' title='bbox 1590 1630 1676 1671; x_wconf 69' lang='lat' dir='ltr'>*ipse</span> <span class='ocrx_word' id='word_1_355' title='bbox 1701 1634 1815 1671; x_wconf 90' lang='lat' dir='ltr'>torque</span> <span class='ocrx_word' id='word_1_356' title='bbox 1840 1641 1937 1660; x_wconf 88' lang='lat' dir='ltr'>aureo</span> <span class='ocrx_word' id='word_1_357' title='bbox 1962 1630 2108 1661; x_wconf 88' lang='lat' dir='ltr'>coronari</span> 
     </span>
     <span class='ocr_line' id='line_1_37' title="bbox 466 1682 2108 1725; baseline -0.001 -9"><span class='ocrx_word' id='word_1_358' title='bbox 466 1691 497 1716; x_wconf 85' lang='lat' dir='ltr'>et</span> <span class='ocrx_word' id='word_1_359' title='bbox 521 1686 638 1716; x_wconf 88' lang='lat' dir='ltr'>tercius</span> <span class='ocrx_word' id='word_1_360' title='bbox 663 1686 695 1715; x_wconf 93' lang='lat' dir='ltr'>in</span> <span class='ocrx_word' id='word_1_361' title='bbox 720 1696 819 1725; x_wconf 70' lang='lat' dir='ltr'>regno</span> <span class='ocrx_word' id='word_1_362' title='bbox 844 1684 993 1715; x_wconf 85' lang='lat' dir='ltr'>Baltasar</span> <span class='ocrx_word' id='word_1_363' title='bbox 1016 1683 1129 1714; x_wconf 89' lang='lat' dir='ltr'>haberi</span> <span class='ocrx_word' id='word_1_364' title='bbox 1153 1684 1278 1723; x_wconf 80' lang='lat' dir='ltr'>meruit,</span> <span class='ocrx_word' id='word_1_365' title='bbox 1305 1684 1387 1714; x_wconf 88' lang='lat' dir='ltr'>sicut</span> <span class='ocrx_word' id='word_1_366' title='bbox 1411 1683 1443 1713; x_wconf 92' lang='lat' dir='ltr'>in</span> <span class='ocrx_word' id='word_1_367' title='bbox 1467 1693 1566 1724; x_wconf 82' lang='lat' dir='ltr'>regno</span> <span class='ocrx_word' id='word_1_368' title='bbox 1592 1693 1719 1724; x_wconf 88' lang='lat' dir='ltr'>quoque</span> <span class='ocrx_word' id='word_1_369' title='bbox 1739 1682 2039 1714; x_wconf 75' lang='lat' dir='ltr'>Nabuchodonosor</span> <span class='ocrx_word' id='word_1_370' title='bbox 2062 1683 2108 1714; x_wconf 89' lang='lat' dir='ltr'>in-</span> 
     </span>
     <span class='ocr_line' id='line_1_38' title="bbox 467 1735 2107 1778; baseline -0.002 -9"><span class='ocrx_word' id='word_1_371' title='bbox 467 1739 559 1769; x_wconf 76' lang='lat' dir='ltr'>clitus</span> <span class='ocrx_word' id='word_1_372' title='bbox 585 1739 745 1770; x_wconf 66' lang='lat' dir='ltr'>extiterat,</span> <span class='ocrx_word' id='word_1_373' title='bbox 770 1743 804 1768; x_wconf 92' lang='lat' dir='ltr'>ut</span> <span class='ocrx_word' id='word_1_374' title='bbox 833 1738 866 1768; x_wconf 91' lang='lat' dir='ltr'>in</span> <span class='ocrx_word' id='word_1_375' title='bbox 894 1737 955 1767; x_wconf 90' lang='lat' dir='ltr'>illis</span> <span class='ocrx_word' id='word_1_376' title='bbox 980 1736 1082 1767; x_wconf 89' lang='lat' dir='ltr'>tribus</span> <span class='ocrx_word' id='word_1_377' title='bbox 1106 1736 1260 1767; x_wconf 87' lang='lat' dir='ltr'>videlicet</span> <span class='ocrx_word' id='word_1_378' title='bbox 1290 1737 1398 1778; x_wconf 90' lang='lat' dir='ltr'>pueris</span> <span class='ocrx_word' id='word_1_379' title='bbox 1429 1736 1594 1766; x_wconf 88' lang='lat' dir='ltr'>martirum</span> <span class='ocrx_word' id='word_1_380' title='bbox 1626 1735 1769 1766; x_wconf 88' lang='lat' dir='ltr'>laborem</span> <span class='ocrx_word' id='word_1_381' title='bbox 1800 1742 1831 1766; x_wconf 90' lang='lat' dir='ltr'>et</span> <span class='ocrx_word' id='word_1_382' title='bbox 1859 1735 2107 1778; x_wconf 88' lang='lat' dir='ltr'>subsequentem</span> 
     </span>
     <span class='ocr_line' id='line_1_39' title="bbox 466 1788 2108 1833; baseline -0.001 -11"><span class='ocrx_word' id='word_1_383' title='bbox 466 1792 610 1833; x_wconf 73' lang='lat' dir='ltr'>gloriam,</span> <span class='ocrx_word' id='word_1_384' title='bbox 642 1792 673 1821; x_wconf 94' lang='lat' dir='ltr'>in</span> <span class='ocrx_word' id='word_1_385' title='bbox 699 1790 837 1821; x_wconf 80' lang='lat' dir='ltr'>Daniele</span> <span class='ocrx_word' id='word_1_386' title='bbox 862 1801 938 1821; x_wconf 87' lang='lat' dir='ltr'>vero</span> <span class='ocrx_word' id='word_1_387' title='bbox 964 1796 1146 1821; x_wconf 87' lang='lat' dir='ltr'>sanctorum</span> <span class='ocrx_word' id='word_1_388' title='bbox 1172 1789 1391 1820; x_wconf 89' lang='lat' dir='ltr'>confessorum</span> <span class='ocrx_word' id='word_1_389' title='bbox 1416 1794 1512 1830; x_wconf 89' lang='lat' dir='ltr'>atque</span> <span class='ocrx_word' id='word_1_390' title='bbox 1537 1788 1703 1820; x_wconf 88' lang='lat' dir='ltr'>doctorum</span> <span class='ocrx_word' id='word_1_391' title='bbox 1727 1788 1952 1830; x_wconf 68' lang='lat' dir='ltr'>vigilantiama</span> <span class='ocrx_word' id='word_1_392' title='bbox 1977 1794 2008 1820; x_wconf 86' lang='lat' dir='ltr'>et</span> <span class='ocrx_word' id='word_1_393' title='bbox 2030 1789 2108 1831; x_wconf 87' lang='lat' dir='ltr'>liga-</span> 
     </span>
     <span class='ocr_line' id='line_1_40' title="bbox 467 1842 2152 1885; baseline -0.001 -10"><span class='ocrx_word' id='word_1_394' title='bbox 467 1852 568 1875; x_wconf 86' lang='lat' dir='ltr'>torum</span> <span class='ocrx_word' id='word_1_395' title='bbox 601 1844 745 1875; x_wconf 83' lang='lat' dir='ltr'>solvendi</span> <span class='ocrx_word' id='word_1_396' title='bbox 778 1844 925 1885; x_wconf 83' lang='lat' dir='ltr'>peritiam</span> <span class='ocrx_word' id='word_1_397' title='bbox 957 1844 1098 1885; x_wconf 81' lang='lat' dir='ltr'>itemque</span> <span class='ocrx_word' id='word_1_398' title='bbox 1123 1842 1372 1884; x_wconf 82' lang='lat' dir='ltr'>subsequentem</span> <span class='ocrx_word' id='word_1_399' title='bbox 1397 1842 1533 1884; x_wconf 82' lang='lat' dir='ltr'>gloriam</span> <span class='ocrx_word' id='word_1_400' title='bbox 1557 1842 1766 1884; x_wconf 88' lang='lat' dir='ltr'>temporalem</span> <span class='ocrx_word' id='word_1_401' title='bbox 1792 1842 1885 1873; x_wconf 91' lang='lat' dir='ltr'>simul</span> <span class='ocrx_word' id='word_1_402' title='bbox 1910 1848 1941 1873; x_wconf 88' lang='lat' dir='ltr'>et</span> <span class='ocrx_word' id='word_1_403' title='bbox 1965 1847 2108 1873; x_wconf 86' lang='lat' dir='ltr'>eternam</span> <span class='ocrx_word' id='word_1_404' title='bbox 2127 1854 2152 1873; x_wconf 78' lang='lat'>³0</span> 
     </span>
     <span class='ocr_line' id='line_1_41' title="bbox 467 1894 2108 1939; baseline -0.002 -11"><span class='ocrx_word' id='word_1_405' title='bbox 467 1898 574 1939; x_wconf 80' lang='lat' dir='ltr'>typice</span> <span class='ocrx_word' id='word_1_406' title='bbox 605 1896 791 1939; x_wconf 83' lang='lat' dir='ltr'>prefulsisse</span> <span class='ocrx_word' id='word_1_407' title='bbox 822 1896 1026 1927; x_wconf 83' lang='lat' dir='ltr'>manifestum</span> <span class='ocrx_word' id='word_1_408' title='bbox 1059 1897 1108 1926; x_wconf 84' lang='lat' dir='ltr'>sit.</span> <span class='ocrx_word' id='word_1_409' title='bbox 1155 1896 1280 1926; x_wconf 89' lang='lat' dir='ltr'>Horum</span> <span class='ocrx_word' id='word_1_410' title='bbox 1305 1896 1401 1926; x_wconf 87' lang='lat' dir='ltr'>etiam</span> <span class='ocrx_word' id='word_1_411' title='bbox 1425 1896 1521 1926; x_wconf 88' lang='lat' dir='ltr'>trium</span> <span class='ocrx_word' id='word_1_412' title='bbox 1545 1894 1579 1925; x_wconf 87' lang='lat' dir='ltr'>id</span> <span class='ocrx_word' id='word_1_413' title='bbox 1603 1900 1650 1926; x_wconf 87' lang='lat' dir='ltr'>est</span> <span class='ocrx_word' id='word_1_414' title='bbox 1674 1895 1839 1926; x_wconf 91' lang='lat' dir='ltr'>martirum</span> <span class='ocrx_word' id='word_1_415' title='bbox 1863 1900 1959 1937; x_wconf 82' lang='lat' dir='ltr'>atque</span> <span class='ocrx_word' id='word_1_416' title='bbox 1985 1895 2108 1926; x_wconf 88' lang='lat' dir='ltr'>confes-</span> 
     </span>
     <span class='ocr_line' id='line_1_42' title="bbox 467 1948 2107 1991; baseline 0 -12"><span class='ocrx_word' id='word_1_417' title='bbox 467 1951 564 1980; x_wconf 78' lang='lat' dir='ltr'>sionis</span> <span class='ocrx_word' id='word_1_418' title='bbox 589 1950 639 1981; x_wconf 83' lang='lat' dir='ltr'>vel</span> <span class='ocrx_word' id='word_1_419' title='bbox 665 1955 860 1980; x_wconf 83' lang='lat' dir='ltr'>secretorum</span> <span class='ocrx_word' id='word_1_420' title='bbox 886 1949 1031 1980; x_wconf 85' lang='lat' dir='ltr'>solvendi</span> <span class='ocrx_word' id='word_1_421' title='bbox 1056 1950 1169 1991; x_wconf 82' lang='lat' dir='ltr'>peritie</span> <span class='ocrx_word' id='word_1_422' title='bbox 1195 1960 1233 1979; x_wconf 82' lang='lat' dir='ltr'>ac</span> <span class='ocrx_word' id='word_1_423' title='bbox 1258 1954 1406 1979; x_wconf 85' lang='lat' dir='ltr'>secuture</span> <span class='ocrx_word' id='word_1_424' title='bbox 1432 1959 1489 1990; x_wconf 90' lang='lat' dir='ltr'>pro</span> <span class='ocrx_word' id='word_1_425' title='bbox 1513 1953 1649 1990; x_wconf 89' lang='lat' dir='ltr'>utroque</span> <span class='ocrx_word' id='word_1_426' title='bbox 1674 1948 1760 1990; x_wconf 88' lang='lat' dir='ltr'>apud</span> <span class='ocrx_word' id='word_1_427' title='bbox 1776 1948 1884 1979; x_wconf 89' lang='lat' dir='ltr'>Deum</span> <span class='ocrx_word' id='word_1_428' title='bbox 1909 1954 1940 1979; x_wconf 93' lang='lat' dir='ltr'>et</span> <span class='ocrx_word' id='word_1_429' title='bbox 1963 1948 2107 1979; x_wconf 87' lang='lat' dir='ltr'>homines</span> 
     </span>
     <span class='ocr_line' id='line_1_43' title="bbox 466 2001 2108 2044; baseline -0.001 -11"><span class='ocrx_word' id='word_1_430' title='bbox 466 2003 586 2044; x_wconf 81' lang='lat' dir='ltr'>gloriae</span> <span class='ocrx_word' id='word_1_431' title='bbox 612 2003 642 2033; x_wconf 90' lang='lat' dir='ltr'>in</span> <span class='ocrx_word' id='word_1_432' title='bbox 667 2014 730 2033; x_wconf 74' lang='lat' dir='ltr'>imo</span> <span class='ocrx_word' id='word_1_433' title='bbox 756 2002 873 2043; x_wconf 89' lang='lat' dir='ltr'>Ioseph</span> <span class='ocrx_word' id='word_1_434' title='bbox 897 2007 992 2044; x_wconf 81' lang='lat' dir='ltr'>typus</span> <span class='ocrx_word' id='word_1_435' title='bbox 1018 2002 1205 2032; x_wconf 85' lang='lat' dir='ltr'>manifestus</span> <span class='ocrx_word' id='word_1_436' title='bbox 1230 2001 1386 2043; x_wconf 86' lang='lat' dir='ltr'>prefulsit.</span> <span class='ocrx_word' id='word_1_437' title='bbox 1434 2001 1517 2032; x_wconf 85' lang='lat' dir='ltr'>Nam</span> <span class='ocrx_word' id='word_1_438' title='bbox 1542 2001 1575 2032; x_wconf 92' lang='lat' dir='ltr'>in</span> <span class='ocrx_word' id='word_1_439' title='bbox 1598 2006 1675 2043; x_wconf 88' lang='lat' dir='ltr'>typo</span> <span class='ocrx_word' id='word_1_440' title='bbox 1699 2001 1834 2032; x_wconf 88' lang='lat' dir='ltr'>martirii</span> <span class='ocrx_word' id='word_1_441' title='bbox 1862 2002 2016 2032; x_wconf 85' lang='lat' dir='ltr'>innocens</span> <span class='ocrx_word' id='word_1_442' title='bbox 2041 2013 2108 2033; x_wconf 89' lang='lat' dir='ltr'>ear-</span> 
     </span>
     <span class='ocr_line' id='line_1_44' title="bbox 468 2053 2108 2096; baseline -0.001 -10"><span class='ocrx_word' id='word_1_443' title='bbox 468 2067 572 2087; x_wconf 73' lang='lat' dir='ltr'>cerem</span> <span class='ocrx_word' id='word_1_444' title='bbox 605 2056 763 2091; x_wconf 76' lang='lat' dir='ltr'>sustinuit,</span> <span class='ocrx_word' id='word_1_445' title='bbox 796 2056 827 2085; x_wconf 89' lang='lat' dir='ltr'>in</span> <span class='ocrx_word' id='word_1_446' title='bbox 859 2061 935 2096; x_wconf 80' lang='lat' dir='ltr'>typo</span> <span class='ocrx_word' id='word_1_447' title='bbox 968 2055 1177 2086; x_wconf 86' lang='lat' dir='ltr'>confessionis</span> <span class='ocrx_word' id='word_1_448' title='bbox 1202 2055 1253 2085; x_wconf 85' lang='lat' dir='ltr'>vel</span> <span class='ocrx_word' id='word_1_449' title='bbox 1279 2054 1443 2085; x_wconf 86' lang='lat' dir='ltr'>doctrinae</span> <span class='ocrx_word' id='word_1_450' title='bbox 1476 2055 1599 2085; x_wconf 89' lang='lat' dir='ltr'>somnia</span> <span class='ocrx_word' id='word_1_451' title='bbox 1630 2055 1715 2096; x_wconf 83' lang='lat' dir='ltr'>regis</span> <span class='ocrx_word' id='word_1_452' title='bbox 1747 2053 1902 2094; x_wconf 84' lang='lat' dir='ltr'>dissolvit,</span> <span class='ocrx_word' id='word_1_453' title='bbox 1934 2055 1966 2085; x_wconf 92' lang='lat' dir='ltr'>in</span> <span class='ocrx_word' id='word_1_454' title='bbox 1997 2059 2108 2096; x_wconf 90' lang='lat' dir='ltr'>typum</span> 
     </span>
     <span class='ocr_line' id='line_1_45' title="bbox 467 2107 2151 2149; baseline 0 -11"><span class='ocrx_word' id='word_1_455' title='bbox 467 2109 587 2149; x_wconf 78' lang='lat' dir='ltr'>gloriae</span> <span class='ocrx_word' id='word_1_456' title='bbox 613 2114 781 2139; x_wconf 74' lang='lat' dir='ltr'>secuturae</span> <span class='ocrx_word' id='word_1_457' title='bbox 807 2108 902 2138; x_wconf 83' lang='lat' dir='ltr'>etiam</span> <span class='ocrx_word' id='word_1_458' title='bbox 928 2109 996 2149; x_wconf 81' lang='lat' dir='ltr'>ipse</span> <span class='ocrx_word' id='word_1_459' title='bbox 1014 2108 1171 2149; x_wconf 80' lang='lat' dir='ltr'>gloriosus</span> <span class='ocrx_word' id='word_1_460' title='bbox 1197 2114 1227 2138; x_wconf 73' lang='lat' dir='ltr'>ot</span> <span class='ocrx_word' id='word_1_461' title='bbox 1252 2113 1323 2149; x_wconf 82' lang='lat' dir='ltr'>post</span> <span class='ocrx_word' id='word_1_462' title='bbox 1346 2118 1456 2148; x_wconf 82' lang='lat' dir='ltr'>regem</span> <span class='ocrx_word' id='word_1_463' title='bbox 1473 2107 1677 2138; x_wconf 90' lang='lat' dir='ltr'>Pharaonem</span> <span class='ocrx_word' id='word_1_464' title='bbox 1694 2107 1854 2138; x_wconf 83' lang='lat' dir='ltr'>secundus</span> <span class='ocrx_word' id='word_1_465' title='bbox 1874 2108 1907 2138; x_wconf 91' lang='lat' dir='ltr'>in</span> <span class='ocrx_word' id='word_1_466' title='bbox 1923 2118 2023 2149; x_wconf 85' lang='lat' dir='ltr'>regno</span> <span class='ocrx_word' id='word_1_467' title='bbox 2041 2107 2108 2138; x_wconf 89' lang='lat' dir='ltr'>eius</span> <span class='ocrx_word' id='word_1_468' title='bbox 2128 2119 2151 2138; x_wconf 75' lang='lat'>³⁵</span> 
     </span>
     <span class='ocr_line' id='line_1_46' title="bbox 468 2160 2107 2202; baseline -0.001 -11"><span class='ocrx_word' id='word_1_469' title='bbox 468 2161 594 2192; x_wconf 84' lang='lat' dir='ltr'>habitus</span> <span class='ocrx_word' id='word_1_470' title='bbox 620 2167 675 2192; x_wconf 84' lang='lat' dir='ltr'>est.</span> <span class='ocrx_word' id='word_1_471' title='bbox 724 2161 834 2202; x_wconf 72' lang='lat' dir='ltr'>igitur⁷</span> <span class='ocrx_word' id='word_1_472' title='bbox 866 2161 964 2199; x_wconf 72' lang='lat' dir='ltr'>aiunt,</span> <span class='ocrx_word' id='word_1_473' title='bbox 997 2161 1078 2191; x_wconf 84' lang='lat' dir='ltr'>sicut</span> <span class='ocrx_word' id='word_1_474' title='bbox 1108 2161 1140 2191; x_wconf 91' lang='lat' dir='ltr'>in</span> <span class='ocrx_word' id='word_1_475' title='bbox 1172 2161 1336 2202; x_wconf 87' lang='lat' dir='ltr'>premissis</span> <span class='ocrx_word' id='word_1_476' title='bbox 1360 2161 1478 2191; x_wconf 84' lang='lat' dir='ltr'>veteris</span> <span class='ocrx_word' id='word_1_477' title='bbox 1510 2160 1715 2191; x_wconf 87' lang='lat' dir='ltr'>instrumenti</span> <span class='ocrx_word' id='word_1_478' title='bbox 1738 2160 1885 2202; x_wconf 87' lang='lat' dir='ltr'>prefulsit</span> <span class='ocrx_word' id='word_1_479' title='bbox 1914 2160 2107 2202; x_wconf 85' lang='lat' dir='ltr'>imaginibus</span> 
     </span>
     <span class='ocr_line' id='line_1_47' title="bbox 469 2213 2107 2255; baseline 0 -11"><span class='ocrx_word' id='word_1_480' title='bbox 469 2214 620 2245; x_wconf 74' lang='lat' dir='ltr'>indecens</span> <span class='ocrx_word' id='word_1_481' title='bbox 646 2214 748 2244; x_wconf 88' lang='lat' dir='ltr'>videri</span> <span class='ocrx_word' id='word_1_482' title='bbox 772 2225 834 2244; x_wconf 86' lang='lat' dir='ltr'>non</span> <span class='ocrx_word' id='word_1_483' title='bbox 861 2213 966 2253; x_wconf 80' lang='lat' dir='ltr'>debet,</span> <span class='ocrx_word' id='word_1_484' title='bbox 998 2214 1093 2244; x_wconf 90' lang='lat' dir='ltr'>immo</span> <span class='ocrx_word' id='word_1_485' title='bbox 1118 2225 1195 2244; x_wconf 76' lang='lat' dir='ltr'>vero</span> <span class='ocrx_word' id='word_1_486' title='bbox 1220 2213 1353 2255; x_wconf 86' lang='lat' dir='ltr'>dignum</span> <span class='ocrx_word' id='word_1_487' title='bbox 1378 2219 1409 2243; x_wconf 91' lang='lat' dir='ltr'>et</span> <span class='ocrx_word' id='word_1_488' title='bbox 1433 2214 1550 2244; x_wconf 90' lang='lat' dir='ltr'>iustum</span> <span class='ocrx_word' id='word_1_489' title='bbox 1582 2218 1726 2244; x_wconf 86' lang='lat' dir='ltr'>sanctam</span> <span class='ocrx_word' id='word_1_490' title='bbox 1751 2213 1921 2244; x_wconf 84' lang='lat' dir='ltr'>eeclesiam</span> <span class='ocrx_word' id='word_1_491' title='bbox 1953 2225 2010 2255; x_wconf 86' lang='lat' dir='ltr'>pro</span> <span class='ocrx_word' id='word_1_492' title='bbox 2035 2224 2107 2245; x_wconf 93' lang='lat' dir='ltr'>con-</span> 
     </span>
     <span class='ocr_line' id='line_1_48' title="bbox 469 2265 2107 2308; baseline 0.001 -12"><span class='ocrx_word' id='word_1_493' title='bbox 469 2267 622 2297; x_wconf 80' lang='lat' dir='ltr'>solatione</span> <span class='ocrx_word' id='word_1_494' title='bbox 648 2266 765 2297; x_wconf 86' lang='lat' dir='ltr'>laboris</span> <span class='ocrx_word' id='word_1_495' title='bbox 792 2267 1102 2308; x_wconf 83' lang='lat' dir='ltr'>ignominiarumque</span> <span class='ocrx_word' id='word_1_496' title='bbox 1127 2267 1351 2308; x_wconf 85' lang='lat' dir='ltr'>preteritarum</span> <span class='ocrx_word' id='word_1_497' title='bbox 1376 2278 1439 2297; x_wconf 90' lang='lat' dir='ltr'>non</span> <span class='ocrx_word' id='word_1_498' title='bbox 1457 2266 1559 2297; x_wconf 76' lang='lat' dir='ltr'>solum</span> <span class='ocrx_word' id='word_1_499' title='bbox 1585 2265 1764 2308; x_wconf 84' lang='lat' dir='ltr'>sumptibus</span> <span class='ocrx_word' id='word_1_500' title='bbox 1789 2266 1937 2297; x_wconf 74' lang='lat' dir='ltr'>adiuvari</span> <span class='ocrx_word' id='word_1_501' title='bbox 1961 2277 2107 2298; x_wconf 85' lang='lat' dir='ltr'>necessa--</span> 
     </span>
     <span class='ocr_line' id='line_1_49' title="bbox 469 2318 2107 2361; baseline 0.001 -12"><span class='ocrx_word' id='word_1_502' title='bbox 469 2321 533 2351; x_wconf 79' lang='lat' dir='ltr'>riis.</span> <span class='ocrx_word' id='word_1_503' title='bbox 560 2320 616 2350; x_wconf 78' lang='lat' dir='ltr'>sed</span> <span class='ocrx_word' id='word_1_504' title='bbox 640 2319 802 2361; x_wconf 82' lang='lat' dir='ltr'>regalibus</span> <span class='ocrx_word' id='word_1_505' title='bbox 820 2330 946 2361; x_wconf 81' lang='lat' dir='ltr'>quoque</span> <span class='ocrx_word' id='word_1_506' title='bbox 972 2320 1103 2360; x_wconf 88' lang='lat' dir='ltr'>insuper</span> <span class='ocrx_word' id='word_1_507' title='bbox 1118 2318 1292 2350; x_wconf 88' lang='lat' dir='ltr'>honoribus</span> <span class='ocrx_word' id='word_1_508' title='bbox 1317 2325 1412 2361; x_wconf 87' lang='lat' dir='ltr'>atque</span> <span class='ocrx_word' id='word_1_509' title='bbox 1438 2319 1558 2350; x_wconf 90' lang='lat' dir='ltr'>divitiis</span> <span class='ocrx_word' id='word_1_510' title='bbox 1576 2319 1796 2361; x_wconf 85' lang='lat' dir='ltr'>honorumque</span> <span class='ocrx_word' id='word_1_511' title='bbox 1817 2319 1997 2361; x_wconf 86' lang='lat' dir='ltr'>insignibus</span> <span class='ocrx_word' id='word_1_512' title='bbox 2015 2319 2107 2350; x_wconf 89' lang='lat' dir='ltr'>deco-</span> 
     </span>
     <span class='ocr_line' id='line_1_50' title="bbox 470 2371 2151 2414; baseline -0.001 -11"><span class='ocrx_word' id='word_1_513' title='bbox 470 2373 542 2403; x_wconf 86' lang='lat' dir='ltr'>rari.</span> <span class='ocrx_word' id='word_1_514' title='bbox 579 2373 648 2403; x_wconf 83' lang='lat' dir='ltr'>He(-</span> <span class='ocrx_word' id='word_1_515' title='bbox 675 2373 732 2402; x_wconf 82' lang='lat' dir='ltr'>etsi</span> <span class='ocrx_word' id='word_1_516' title='bbox 757 2378 832 2402; x_wconf 83' lang='lat' dir='ltr'>tunc</span> <span class='ocrx_word' id='word_1_517' title='bbox 858 2372 1010 2413; x_wconf 83' lang='lat' dir='ltr'>temporis</span> <span class='ocrx_word' id='word_1_518' title='bbox 1035 2372 1140 2402; x_wconf 84' lang='lat' dir='ltr'>omnia</span> <span class='ocrx_word' id='word_1_519' title='bbox 1161 2372 1241 2402; x_wconf 88' lang='lat' dir='ltr'>forte</span> <span class='ocrx_word' id='word_1_520' title='bbox 1266 2371 1306 2402; x_wconf 87' lang='lat' dir='ltr'>ab</span> <span class='ocrx_word' id='word_1_521' title='bbox 1325 2373 1485 2414; x_wconf 84' lang='lat' dir='ltr'>episcopis</span> <span class='ocrx_word' id='word_1_522' title='bbox 1510 2372 1644 2414; x_wconf 87' lang='lat' dir='ltr'>aliisque</span> <span class='ocrx_word' id='word_1_523' title='bbox 1670 2383 1710 2403; x_wconf 87' lang='lat' dir='ltr'>ex</span> <span class='ocrx_word' id='word_1_524' title='bbox 1728 2372 1813 2403; x_wconf 91' lang='lat' dir='ltr'>clero</span> <span class='ocrx_word' id='word_1_525' title='bbox 1838 2373 1870 2403; x_wconf 92' lang='lat' dir='ltr'>in</span> <span class='ocrx_word' id='word_1_526' title='bbox 1889 2372 2107 2404; x_wconf 88' lang='lat' dir='ltr'>defensionem</span> <span class='ocrx_word' id='word_1_527' title='bbox 2125 2383 2151 2402; x_wconf 80' lang='lat'>40</span> 
     </span>
     <span class='ocr_line' id='line_1_51' title="bbox 470 2424 2107 2467; baseline 0 -11"><span class='ocrx_word' id='word_1_528' title='bbox 470 2425 729 2456; x_wconf 60' lang='lat' dir='ltr'>aecclesiasticae</span> <span class='ocrx_word' id='word_1_529' title='bbox 748 2424 950 2455; x_wconf 89' lang='lat' dir='ltr'>sublimitatis</span> <span class='ocrx_word' id='word_1_530' title='bbox 970 2424 1100 2467; x_wconf 62' lang='lat' dir='ltr'>{dietab}</span> <span class='ocrx_word' id='word_1_531' title='bbox 1119 2430 1202 2455; x_wconf 58' lang='grc' dir='ltr'>11011(Ί</span> <span class='ocrx_word' id='word_1_532' title='bbox 1222 2430 1303 2464; x_wconf 73' lang='lat' dir='ltr'>sunt,</span> <span class='ocrx_word' id='word_1_533' title='bbox 1329 2431 1436 2456; x_wconf 89' lang='lat' dir='ltr'>tamen</span> <span class='ocrx_word' id='word_1_534' title='bbox 1454 2425 1632 2456; x_wconf 90' lang='lat' dir='ltr'>secundum</span> <span class='ocrx_word' id='word_1_535' title='bbox 1650 2426 1807 2467; x_wconf 87' lang='lat' dir='ltr'>scripture</span> <span class='ocrx_word' id='word_1_536' title='bbox 1825 2431 1955 2456; x_wconf 86' lang='lat' dir='ltr'>sanctae</span> <span class='ocrx_word' id='word_1_537' title='bbox 1972 2425 2107 2457; x_wconf 88' lang='lat' dir='ltr'>auctori-</span> 
     </span>
     <span class='ocr_line' id='line_1_52' title="bbox 470 2477 2106 2520; baseline 0 -12"><span class='ocrx_word' id='word_1_538' title='bbox 470 2484 565 2509; x_wconf 83' lang='lat' dir='ltr'>tatem</span> <span class='ocrx_word' id='word_1_539' title='bbox 594 2478 657 2508; x_wconf 87' lang='lat' dir='ltr'>dici</span> <span class='ocrx_word' id='word_1_540' title='bbox 682 2483 862 2519; x_wconf 80' lang='lat' dir='ltr'>potuerunt.</span> <span class='ocrx_word' id='word_1_541' title='bbox 910 2477 952 2508; x_wconf 81' lang='lat' dir='ltr'>At</span> <span class='ocrx_word' id='word_1_542' title='bbox 977 2489 1062 2512; x_wconf 68' lang='lat' dir='ltr'>verov</span> <span class='ocrx_word' id='word_1_543' title='bbox 1089 2478 1142 2519; x_wconf 92' lang='lat' dir='ltr'>qui</span> <span class='ocrx_word' id='word_1_544' title='bbox 1174 2489 1230 2519; x_wconf 90' lang='lat' dir='ltr'>pro</span> <span class='ocrx_word' id='word_1_545' title='bbox 1262 2483 1352 2519; x_wconf 86' lang='lat' dir='ltr'>parte</span> <span class='ocrx_word' id='word_1_546' title='bbox 1385 2484 1476 2509; x_wconf 86' lang='lat' dir='ltr'>erant</span> <span class='ocrx_word' id='word_1_547' title='bbox 1506 2479 1590 2520; x_wconf 89' lang='lat' dir='ltr'>regis</span> <span class='ocrx_word' id='word_1_548' title='bbox 1623 2478 1771 2509; x_wconf 89' lang='lat' dir='ltr'>sufficere</span> <span class='ocrx_word' id='word_1_549' title='bbox 1803 2478 1933 2510; x_wconf 87' lang='lat' dir='ltr'>aiebant</span> <span class='ocrx_word' id='word_1_550' title='bbox 1964 2478 2106 2510; x_wconf 87' lang='lat' dir='ltr'>ecclesiis</span> 
     </span>
     <span class='ocr_line' id='line_1_53' title="bbox 470 2530 2106 2573; baseline 0.002 -14"><span class='ocrx_word' id='word_1_551' title='bbox 470 2530 587 2561; x_wconf 70' lang='lat' dir='ltr'>‹le—berc</span> <span class='ocrx_word' id='word_1_552' title='bbox 620 2530 760 2561; x_wconf 67' lang='lat' dir='ltr'>(lot-imas</span> <span class='ocrx_word' id='word_1_553' title='bbox 793 2536 822 2560; x_wconf 72' lang='lat' dir='ltr'>ot</span> <span class='ocrx_word' id='word_1_554' title='bbox 855 2530 1053 2560; x_wconf 71' lang='lat' dir='ltr'>ol,›lation(›s&#39;—&#39;</span> <span class='ocrx_word' id='word_1_555' title='bbox 1084 2530 1211 2569; x_wconf 75' lang='lat' dir='ltr'>liberas,</span> <span class='ocrx_word' id='word_1_556' title='bbox 1244 2530 1275 2561; x_wconf 85' lang='lat' dir='ltr'>id</span> <span class='ocrx_word' id='word_1_557' title='bbox 1302 2537 1348 2561; x_wconf 87' lang='lat' dir='ltr'>est</span> <span class='ocrx_word' id='word_1_558' title='bbox 1380 2531 1465 2562; x_wconf 90' lang='lat' dir='ltr'>nullo</span> <span class='ocrx_word' id='word_1_559' title='bbox 1498 2531 1597 2573; x_wconf 84' lang='lat' dir='ltr'>regali</span> <span class='ocrx_word' id='word_1_560' title='bbox 1622 2531 1673 2562; x_wconf 75' lang='lat' dir='ltr'>vel</span> <span class='ocrx_word' id='word_1_561' title='bbox 1702 2531 1860 2573; x_wconf 85' lang='lat' dir='ltr'>imperiali</span> <span class='ocrx_word' id='word_1_562' title='bbox 1891 2532 2022 2563; x_wconf 87' lang='lat' dir='ltr'>servitio</span> <span class='ocrx_word' id='word_1_563' title='bbox 2054 2530 2106 2562; x_wconf 93' lang='lat' dir='ltr'>ob-</span> 
     </span>
    </p>
   </div>
   <div class='ocr_carea' id='block_1_10' title="bbox 578 2656 1880 2689">
    <p class='ocr_par' dir='ltr' id='par_1_10' title="bbox 578 2656 1880 2689">
     <span class='ocr_line' id='line_1_54' title="bbox 578 2656 1880 2689; baseline 0.002 -10"><span class='ocrx_word' id='word_1_564' title='bbox 578 2663 602 2679; x_wconf 72' lang='grc' dir='ltr'>ιιι</span> <span class='ocrx_word' id='word_1_565' title='bbox 626 2656 765 2685; x_wconf 59' lang='lat' dir='ltr'>vigilantia</span> <span class='ocrx_word' id='word_1_566' title='bbox 787 2666 805 2679; x_wconf 61' lang='grc' dir='ltr'>ις.</span> <span class='ocrx_word' id='word_1_567' title='bbox 880 2657 905 2680; x_wconf 79' lang='lat' dir='ltr'>l»</span> <span class='ocrx_word' id='word_1_568' title='bbox 928 2656 991 2679; x_wconf 52' lang='lat' dir='ltr'>das!</span> <span class='ocrx_word' id='word_1_569' title='bbox 1010 2665 1046 2681; x_wconf 60' lang='lat' dir='ltr'>tn:</span> <span class='ocrx_word' id='word_1_570' title='bbox 1065 2657 1146 2687; x_wconf 55' lang='lat' dir='ltr'>³¹¹!‘l&#39;l-</span> <span class='ocrx_word' id='word_1_571' title='bbox 1170 2656 1224 2679; x_wconf 62' lang='lat' dir='ltr'>seh.</span> <span class='ocrx_word' id='word_1_572' title='bbox 1300 2663 1324 2681; x_wconf 67' lang='lat' dir='ltr'>e)</span> <span class='ocrx_word' id='word_1_573' title='bbox 1348 2666 1400 2680; x_wconf 78' lang='lat' dir='ltr'>nou</span> <span class='ocrx_word' id='word_1_574' title='bbox 1423 2670 1453 2673; x_wconf 77' lang='lat'>-</span> <span class='ocrx_word' id='word_1_575' title='bbox 1476 2661 1619 2689; x_wconf 84' lang='lat' dir='ltr'>potuerunt</span> <span class='ocrx_word' id='word_1_576' title='bbox 1640 2658 1664 2681; x_wconf 79' lang='lat' dir='ltr'>in</span> <span class='ocrx_word' id='word_1_577' title='bbox 1685 2666 1762 2689; x_wconf 58' lang='lat' dir='ltr'>mar-y.</span> <span class='ocrx_word' id='word_1_578' title='bbox 1782 2658 1841 2682; x_wconf 76' lang='lat' dir='ltr'>add.</span> <span class='ocrx_word' id='word_1_579' title='bbox 1860 2667 1880 2681; x_wconf 78' lang='lat' dir='ltr'>c.</span> 
     </span>
    </p>
   </div>
   <div class='ocr_carea' id='block_1_11' title="bbox 467 2763 2147 2905">
    <p class='ocr_par' dir='ltr' id='par_1_11' title="bbox 467 2763 2147 2905">
     <span class='ocr_line' id='line_1_55' title="bbox 582 2763 2147 2802; baseline 0.003 -13"><span class='ocrx_word' id='word_1_580' title='bbox 582 2764 607 2796; x_wconf 89' lang='lat' dir='ltr'>l)</span> <span class='ocrx_word' id='word_1_581' title='bbox 634 2763 812 2790; x_wconf 52' lang='lat' dir='ltr'>(lona-lihtowa</span> <span class='ocrx_word' id='word_1_582' title='bbox 840 2763 1015 2789; x_wconf 59' lang='lat' dir='ltr'>(sous-lanlilzi</span> <span class='ocrx_word' id='word_1_583' title='bbox 1045 2764 1086 2789; x_wconf 69' lang='lat' dir='ltr'>ml.</span> <span class='ocrx_word' id='word_1_584' title='bbox 1113 2763 1231 2790; x_wconf 70' lang='lat' dir='ltr'>Zeumer</span> <span class='ocrx_word' id='word_1_585' title='bbox 1254 2763 1273 2797; x_wconf 58' lang='grc' dir='ltr'>ξ</span> <span class='ocrx_word' id='word_1_586' title='bbox 1294 2764 1348 2792; x_wconf 76' lang='grc'><strong>16,·</strong></span> <span class='ocrx_word' id='word_1_587' title='bbox 1380 2765 1419 2798; x_wconf 81' lang='lat' dir='ltr'>cf.</span> <span class='ocrx_word' id='word_1_588' title='bbox 1453 2765 1495 2791; x_wconf 79' lang='lat' dir='ltr'>De</span> <span class='ocrx_word' id='word_1_589' title='bbox 1523 2765 1622 2792; x_wconf 74' lang='lat' dir='ltr'>ordine</span> <span class='ocrx_word' id='word_1_590' title='bbox 1653 2766 1786 2793; x_wconf 77' lang='lat' dir='ltr'>donorum</span> <span class='ocrx_word' id='word_1_591' title='bbox 1812 2765 1841 2793; x_wconf 76' lang='lat' dir='ltr'>S.</span> <span class='ocrx_word' id='word_1_592' title='bbox 1869 2765 1990 2802; x_wconf 67' lang='lat' dir='ltr'>Spiritus</span> <span class='ocrx_word' id='word_1_593' title='bbox 2018 2773 2106 2800; x_wconf 75' lang='lat' dir='ltr'>supra</span> <span class='ocrx_word' id='word_1_594' title='bbox 2123 2770 2147 2790; x_wconf 74' lang='lat'>4⁵</span> 
     </span>
     <span class='ocr_line' id='line_1_56' title="bbox 467 2815 2105 2855; baseline 0.001 -13"><span class='ocrx_word' id='word_1_595' title='bbox 467 2826 496 2851; x_wconf 70' lang='lat' dir='ltr'>p.</span> <span class='ocrx_word' id='word_1_596' title='bbox 518 2815 587 2842; x_wconf 63' lang='lat'>283.</span> <span class='ocrx_word' id='word_1_597' title='bbox 660 2817 688 2847; x_wconf 71' lang='lat'>2)</span> <span class='ocrx_word' id='word_1_598' title='bbox 717 2817 763 2849; x_wconf 53' lang='lat' dir='ltr'><em>(sss.</em></span> <span class='ocrx_word' id='word_1_599' title='bbox 787 2816 932 2842; x_wconf 74' lang='lat' dir='ltr'>l’lttcitlmn</span> <span class='ocrx_word' id='word_1_600' title='bbox 954 2816 1107 2842; x_wconf 67' lang='lat' dir='ltr'>Namanml.</span> <span class='ocrx_word' id='word_1_601' title='bbox 1132 2816 1199 2842; x_wconf 74' lang='lat' dir='ltr'>liber</span> <span class='ocrx_word' id='word_1_602' title='bbox 1220 2817 1253 2842; x_wconf 59' lang='lat' dir='ltr'>‘le</span> <span class='ocrx_word' id='word_1_603' title='bbox 1275 2816 1378 2843; x_wconf 69' lang='lat' dir='ltr'>honore</span> <span class='ocrx_word' id='word_1_604' title='bbox 1399 2819 1462 2844; x_wconf 69' lang='lat' dir='ltr'>eccl.</span> <span class='ocrx_word' id='word_1_605' title='bbox 1481 2828 1504 2844; x_wconf 71' lang='grc' dir='ltr'>ι’.</span> <span class='ocrx_word' id='word_1_606' title='bbox 1524 2818 1574 2851; x_wconf 72' lang='lat'>43,</span> <span class='ocrx_word' id='word_1_607' title='bbox 1600 2818 1660 2845; x_wconf 78' lang='lat' dir='ltr'>Lib.</span> <span class='ocrx_word' id='word_1_608' title='bbox 1680 2818 1719 2851; x_wconf 81' lang='lat' dir='ltr'>II.</span> <span class='ocrx_word' id='word_1_609' title='bbox 1740 2829 1771 2855; x_wconf 80' lang='lat' dir='ltr'>p.</span> <span class='ocrx_word' id='word_1_610' title='bbox 1791 2818 1871 2850; x_wconf 80' lang='grc'>587;</span> <span class='ocrx_word' id='word_1_611' title='bbox 1896 2818 2017 2854; x_wconf 66' lang='lat' dir='ltr'>Isayser,</span> <span class='ocrx_word' id='word_1_612' title='bbox 2039 2817 2105 2844; x_wconf 83' lang='lat' dir='ltr'>Pla-</span> 
     </span>
     <span class='ocr_line' id='line_1_57' title="bbox 471 2865 1223 2905; baseline 0.003 -12"><span class='ocrx_word' id='word_1_613' title='bbox 471 2869 546 2895; x_wconf 41' lang='grc' dir='ltr'>νίιΙυμ1</span> <span class='ocrx_word' id='word_1_614' title='bbox 571 2879 593 2895; x_wconf 83' lang='grc' dir='ltr'>ι·.</span> <span class='ocrx_word' id='word_1_615' title='bbox 620 2868 783 2895; x_wconf 69' lang='lat' dir='ltr'>Nmmnmca</span> <span class='ocrx_word' id='word_1_616' title='bbox 808 2866 887 2905; x_wconf 65' lang='lat' dir='ltr'>s‘lx&#39;iel</span> <span class='ocrx_word' id='word_1_617' title='bbox 914 2865 1006 2903; x_wconf 64' lang='lat' dir='ltr'>lass)</span> <span class='ocrx_word' id='word_1_618' title='bbox 1027 2878 1058 2904; x_wconf 73' lang='lat' dir='ltr'>p.</span> <span class='ocrx_word' id='word_1_619' title='bbox 1076 2869 1123 2899; x_wconf 70' lang='lat'>17,</span> <span class='ocrx_word' id='word_1_620' title='bbox 1149 2879 1176 2895; x_wconf 78' lang='grc' dir='ltr'>η.</span> <span class='ocrx_word' id='word_1_621' title='bbox 1196 2869 1223 2895; x_wconf 80' lang='grc'>5,</span> 
     </span>
    </p>
   </div>
  </div>
 </body>
</html>
