2233 3252
455 204 638 234 MONAcm
661 205 804 234 exums
827 205 857 234 S.
882 206 1098 234 LAUREN'I'II
1123 207 1372 237 OPUSCULUM.
1680 207 1745 239 633

516 297 635 330 Noster
658 297 760 330 lectus
785 297 891 330 adhuc
916 303 1023 330 tamen

517 350 613 382 Sanis
636 350 754 393 fraglat
778 350 931 383 odoribus
945 354 964 391 ¹,

516 403 553 435 In
577 415 641 447 quo
665 403 805 436 candida
829 404 930 447 lilya³

453 464 487 488 80
515 455 608 496 Sunt,
633 462 664 488 et
689 468 762 488 eum
786 457 880 488 violis
904 468 987 500 roae.

515 507 755 552 Cedrinamque
779 515 864 542 retro
888 509 1043 542 domum³

514 561 636 594 Hortus
661 561 828 595 delitiosus
852 568 910 602 est,

512 615 663 647 Ver-nans
687 615 830 655 floribus,
855 617 962 648 areis·

512 667 697 700 Exomatas
721 672 940 710 aromatum‘;

449 730 482 753 35
514 721 573 753 'Et
597 722 700 764 pomis
724 722 945 754 redolentibus

510 774 618 806 Arbor
642 775 708 807 seta
731 775 928 818 refringitur.

511 828 605 867 Nam,
630 829 778 871 quamvis
802 828 924 871 glacies
952 829 1039 868 furit,

511 881 606 912 Nonb
631 882 744 913 messis
769 893 842 913 mea
864 882 985 924 friguit.

510 934 600 966 Thus
625 941 656 966 et
679 946 798 977 myrra,
823 945 950 975 crocus,
974 946 1104 978 cyprus,

449 996 482 1019 ⁴0
513 987 650 1028 Nat-dus,
674 988 792 1027 fistula,
817 987 998 1020 balsamum
1009 991 1030 1028 ⁵,

510 1040 658 1073 Necdum
683 1041 780 1074 vinea
798 1041 917 1073 fertilis

510 1094 628 1126 Amisit
652 1094 780 1126 laticem
805 1105 909 1127 suum.

509 1147 654 1179 Menbris
678 1153 828 1190 preterea
850 1147 927 1180 lieet

508 1200 657 1232 Defectis
681 1200 785 1232 rediet
808 1201 905 1242 viror,

447 1259 480 1284 45
509 1253 592 1285 Cum
616 1259 650 1285 tu
674 1265 751 1297 sepe
776 1254 937 1294 reviseris,

507 1306 637 1349 Integre
661 1307 738 1338 fidei
762 1307 900 1347 thorum,

506 1359 550 1391 Et
573 1359 715 1392 fecunda
737 1371 856 1403 parens
879 1372 997 1393 novam

506 1412 635 1444 Prolem
660 1414 836 1456 parturiam
861 1413 930 1445 tibi.

507 1465 564 1498 Sin
589 1477 667 1498 vero
690 1477 752 1498 nec
776 1466 882 1498 adhuc
906 1467 1009 1507 venis,

443 1525 478 1551 50
506 1519 576 1551 Nec
600 1530 752 1562 sponsam
777 1520 896 1562 repetis
920 1525 1018 1560 tuam,

505 1571 709 1615 Letabuntur
732 1573 880 1613 adulteri,

506 1625 570 1665 Qui
594 1632 730 1657 matrem
753 1626 905 1658 miseram
929 1632 1088 1669 premunt,

504 1678 714 1721 Infantesque
739 1684 810 1711 tuos
834 1680 938 1721 magis

505 1731 746 1774 Confusamque
771 1732 902 1764 domum
926 1733 1121 1776 premente&

624 1829 685 1861 IX.
725 1829 910 1872 Sponsus
940 1831 1170 1873 respondit.

504 1891 622 1931 ‘Quam
647 1892 818 1924 criminose
844 1903 905 1932 me,
930 1903 1030 1932 soror,
1055 1893 1174 1935 arguis,

504 1944 577 1984 Quo
601 1944 705 1976 tendit
727 1945 789 1976 ista
812 1945 1043 1988 increpitatio‘?

557 1996 625 2029 Cur
648 2009 719 2029 esse
743 2003 774 2030 te
798 1998 881 2030 dicis
904 1998 1076 2030 relictam?

610 2049 804 2093 Coniugiine
828 2050 926 2083 fidem
949 2051 1091 2094 reliqui?

460 2112 475 2135 5
504 2103 577 2135 Non
602 2103 827 2146 permovebor,
852 2110 901 2136 set
924 2105 1030 2147 patiar
1053 2105 1158 2137 libens

503 2156 552 2188 Te
576 2156 806 2199 disputantem.
854 2157 984 2190 Stemus
1008 2159 1094 2189 enim
1119 2159 1229 2190 simul!

556 2209 602 2241 Ut
625 2209 815 2251 iudicemur,
840 2216 971 2251 stemus,
995 2212 1138 2254 inquam.

609 2263 678 2294 Iam
702 2262 762 2294 tibi
786 2263 907 2296 iudicio
931 2275 1097 2307 reponam.

502 2315 598 2348 Nunc
622 2327 699 2359 ergo
723 2327 829 2357 narra,
854 2317 881 2348 si
905 2317 985 2359 quid
1008 2317 1120 2358 habes,
1146 2318 1212 2358 ubi,

443 2377 474 2400 ιο
503 2368 656 2409 Quando,
679 2369 732 2401 vel
756 2370 789 2401 in
813 2381 878 2413 qua
902 2381 936 2402 re
960 2369 1019 2402 tibi
1044 2371 1142 2402 defui.

502 2421 587 2454 Nam
611 2428 726 2465 questa
749 2428 862 2454 eontra
884 2434 936 2455 me
959 2423 1081 2456 videris
1090 2425 1114 2458 (¹.

556 2475 652 2515 Quod
676 2475 792 2507 sedeas
816 2477 908 2519 quasi
933 2476 1138 2509 derelictae&

183 2573 210 2605 ὗ)
231 2575 318 2600 aereis
337 2583 367 2604 c..
386 2583 450 2600 eor-r.
464 2574 558 2601 Haur..
578 2574 707 2605 Bitu-helen
726 2575 760 2607 cs.
777 2575 848 2600 Cant.
863 2577 887 2605 5,
901 2577 947 2601 13:
968 2576 1061 2602 Genae
1078 2577 1150 2602 illius
1165 2578 1237 2603 sieut
1250 2578 1360 2603 arcolae
1374 2582 1534 2603 aromatum.
1592 2577 1620 2608 b)
1642 2587 1692 2603 nos
1705 2588 1725 2603 c.

70 2613 106 2648 2⁸)
125 2622 250 2651 premunt
267 2627 288 2644 c.
360 2617 388 2649 d)
410 2619 497 2644 vidais
515 2628 578 2644 eor-1¹.
597 2619 698 2644 videris
717 2629 737 2644 c.
811 2618 838 2649 e)
860 2628 887 2645 re
907 2621 1018 2652 ram-ipe.
1037 2630 1058 2645 c.

185 2703 214 2747 1)
239 2707 348 2737 Cannio.
369 2709 395 2743 1,
411 2708 468 2736 15:
492 2709 615 2737 lectulus
638 2714 735 2737 noster
758 2710 882 2737 floridus.
956 2706 986 2748 2)
1013 2711 1080 2738 Met.
1098 2711 1152 2745 IV,
1171 2711 1250 2739 355:
1277 2713 1398 2739 candida
1421 2713 1488 2739 lilia.
1559 2709 1590 2746 3)
1616 2712 1724 2741 Cantic.

66 2758 110 2795 1,
123 2759 180 2788 16:
203 2761 298 2798 'ligna
312 2763 454 2790 domorum
472 2767 629 2790 nostrarum
645 2763 770 2790 cedrina.
840 2759 870 2801 4)
894 2762 942 2791 De
956 2763 1036 2791 horto
1052 2764 1092 2799 cs.
1108 2763 1216 2792 Cautio.
1235 2765 1264 2798 4,
1282 2765 1338 2792 16:
1364 2766 1480 2798 Auster,
1506 2766 1595 2800 perfla
1614 2766 1723 2792 hortum

75 2818 169 2841 neum
191 2818 222 2842 et
243 2814 334 2842 fluant
356 2819 482 2843 aromata
502 2815 588 2842 illius.
703 2811 733 2853 5)
759 2814 867 2844 Cantic.
893 2816 922 2850 4,
943 2816 992 2844 13.
1012 2817 1068 2844 14:
1098 2816 1185 2853 Cypri
1215 2827 1276 2845 cum
1305 2819 1402 2850 nardo.
1434 2819 1538 2845 nardus
1563 2824 1591 2845 et
1616 2827 1721 2850 crocus,

26 2873 28 2896 ἲ
76 2863 173 2894 fistula
190 2871 220 2895 et
238 2868 440 2895 cinnamomum
463 2877 525 2896 cum
549 2869 686 2896 universis
708 2868 792 2904 lignis
807 2869 919 2902 Libani,
944 2869 1056 2905 myrrha
1080 2874 1110 2897 et
1133 2870 1195 2897 aloe
1219 2879 1282 2898 cum
1298 2871 1425 2898 omnibus
1449 2871 1542 2906 primis
1559 2860 1722 2905 unguentis.

146 2926 247 2952 Libelli
267 2927 301 2953 de
321 2927 376 2953 lite.
407 2928 462 2953 111.
1475 2931 1509 2954 80

1759 732 1789 752 ⁸1.
1799 732 1845 752 12⁸.
