2233 3252
292 418 359 435 *lauh
380 418 409 435 tui,
420 418 436 434 Ῑ.

299 1382 353 1399 Gen.
363 1382 394 1399 231,
405 1382 436 1399 ΑΙ.

329 1913 439 1933 111412.

351 2072 414 2093 *12¹¹

330 2124 439 2147 E¹·)v,.·,.r,

285 2284 439 2305 M.mi›,zi,1:.

299 2338 328 2355 1⁴(
343 2337 440 2355 Ἰι1“.1ζ1’,.“ι,

285 2654 361 2671 nam..
370 2655 400 2676 21,
411 2655 439 2672 115.

460 195 521 224 294
749 195 927 221 GERHOHI
955 194 1184 221 PRAEPOSITI
1210 192 1616 220 REICHERSBERGENSIS
1641 192 1806 219 LIBELLI.

864 290 892 318 6.
930 288 988 318 De
1015 287 1175 318 duabus
1201 286 1378 317 navibus
1405 285 1701 328 apostolorum.

565 352 663 382 Navis
689 351 774 381 Petri
801 349 937 391 apostoli
963 349 1040 380 ordo
1066 349 1143 380 cleri
1168 348 1353 391 apostolicis
1379 347 1558 389 disciplinis
1584 346 1748 380 informati
1772 358 1836 377 non
1860 347 2037 389 incongrue
2062 348 2108 378 in-

459 405 619 445 telligitur.
669 404 769 434 Navis
795 408 902 433 autem
920 402 1085 441 Iohannis,
1112 403 1165 443 qui
1191 413 1288 443 super
1312 408 1424 443 pectus
1443 401 1577 431 Domini
1602 399 1760 439 recubuit,
1786 405 1860 442 apte
1885 405 1975 431 notat
1999 411 2108 431 mona-

459 459 589 488 chorum
615 457 837 497 religiosorum
863 456 1005 497 quietem
1030 461 1185 489 sanctam,
1211 454 1250 485 de
1276 466 1340 496 qua
1365 465 1594 495 nonnunquam
1621 453 1667 484 sie
1692 453 1876 484 excitantur
1900 458 1932 484 et
1962 453 1995 483 in
2019 453 2108 484 adiu-

458 511 571 541 torium
602 510 677 540 cleri
704 514 870 541 vocantur.
902 514 936 539 ut
968 508 1136 550 pulchrum
1169 507 1346 538 exhibeant
1377 506 1598 549 spectaculum
1623 506 1711 538 Petri
1737 510 1768 537 et
1792 506 1946 537 Iohannis
1972 506 2108 548 *Ioseph

458 571 487 594 ot
512 563 681 593 Beniamin
707 573 777 592 sese
803 561 943 592 invicem
968 561 1108 591 fraterne
1134 561 1310 591 amantium
1335 566 1366 590 et
1390 559 1613 590 adiuvantium
1639 559 1671 590 in
1696 559 1791 590 domo
1816 559 1914 590 Iacob
1940 559 2021 590 filios
2046 559 2108 590 Ra-

458 616 556 647 ‹·helis
590 615 760 657 plurimum
793 614 966 655 diligentis.
1014 614 1145 644 Fratres
1177 614 1261 644 enim
1294 614 1393 644 ceteri
1425 613 1493 643 sive
1518 613 1598 643 Liae
1628 613 1695 643 sive
1721 612 1909 645 ancillarum
1934 612 2002 653 filii,
2032 612 2109 644 licet

458 669 557 700 incliti
584 676 613 699 vt
638 667 800 699 benedicti
831 668 936 698 minus
961 667 1169 698 inveniuntur
1193 678 1210 696 a
1237 672 1326 708 patre
1353 666 1472 706 dilecti,
1505 666 1646 696 maxime
1671 665 1842 705 Rubenite,
1874 665 1950 697 licet
1974 677 2108 697 numero

459 722 557 755 multi,
584 728 691 752 tamen
716 721 829 751 merito
856 720 1012 751 inminuti.
1060 719 1255 750 Emulantur
1274 720 1359 750 enim
1383 719 1465 750 filios
1490 718 1608 760 Ioseph
1634 729 1781 750 crescere
1806 730 1879 750 cum
1904 719 1952 749 sui
1978 724 2012 749 ut
2037 719 2108 750 esti-

457 780 543 806 mant
575 774 737 816 aliquanta
771 774 992 804 diminutione.
1040 773 1123 803 Nam
1149 784 1221 803 cum
1247 784 1329 814 pene
1356 772 1587 814 occupaverint
1610 783 1675 802 una
1700 783 1773 804 611111
1798 771 1972 815 prebendis
1998 783 2108 803 omnes

459 828 600 870 plebalcs
632 827 808 858 aecclesias
841 826 1053 857 conducticiis
1086 825 1303 856 conmittendo
1337 837 1391 856 eas
1424 826 1456 856 in
1487 830 1553 856 tota
1579 824 1757 856 Germania
1788 830 1819 857 et
1851 824 1967 865 Gallia,
2000 825 2109 856 dolent

458 881 568 911 saltem
602 880 661 911 sibi
695 892 749 911 eas
782 891 852 911 esse
885 879 1064 921 subreptas,
1091 890 1170 920 quas
1196 878 1307 909 vident
1339 884 1370 909 et
1400 878 1547 909 invident
1579 877 1724 909 cenobiis
1748 878 1906 921 religiosis
1932 878 2108 920 episcopali

458 934 666 965 concessione
693 933 897 964 subtitulatas
923 933 974 963 vel
999 932 1197 963 commissas.
1245 931 1371 967 Nonne,
1404 932 1563 973 inquiunt,
1596 932 1679 962 sicut
1710 931 1860 964 monachi
1888 936 1919 963 et
1942 931 2108 973 regulares

457 987 602 1018 canonici
636 986 755 1017 habent
786 985 930 1028 plebales
962 985 1148 1021 aecclesias,
1180 985 1224 1015 ita
1249 990 1280 1015 et
1303 996 1361 1016 nos
1387 986 1462 1016 item
1487 985 1646 1023 canonici,
1678 984 1753 1015 licet
1782 984 1954 1024 seculares,
1986 984 2106 1016 habere

458 1052 625 1082 possumus
656 1051 720 1078 eas,
746 1039 832 1081 quod
857 1040 883 1069 si
907 1038 1000 1069 nobis
1032 1050 1095 1069 non
1126 1038 1211 1074 licet,
1244 1039 1354 1080 utique
1386 1049 1446 1069 nec
1478 1037 1550 1075 illis⁷
1583 1043 1617 1068 ut
1648 1049 1842 1080 unaqueque
1875 1037 2022 1075 ecclesia,
2056 1038 2107 1069 cui

457 1094 591 1125 facultas
617 1093 768 1135 suppetit,
794 1092 959 1134 proprium
984 1091 1104 1122 habeat
1130 1091 1358 1122 sacerdotem?

1110 1200 1137 1229 7.
1175 1198 1233 1229 De
1258 1197 1451 1229 Rachele.

564 1263 632 1293 Hec
659 1262 804 1292 dicentes
830 1267 861 1292 et
885 1260 1085 1303 spiritalibus
1111 1261 1188 1291 viris
1214 1260 1390 1290 avariciam
1416 1259 1524 1301 *quasi
1549 1259 1654 1290 scelus
1678 1259 1858 1301 ydolatriae
1890 1260 2106 1303 inpingentes,

457 1328 518 1347 non
545 1315 724 1346 adtendunt
747 1314 998 1356 pulcritudinem
1023 1325 1079 1344 seu
1104 1313 1306 1344 latitudinem
1324 1313 1590 1343 vestimentorum
1607 1312 1843 1354 pulcherrimae
1860 1312 2022 1352 Rachelis,
2040 1313 2107 1355 qui-

458 1369 515 1399 bus
541 1374 693 1410 teguntur
716 1369 778 1399 ista
802 1367 1044 1398 aecclesiastica
1070 1366 1229 1398 beneficia
1253 1366 1398 1398 cenobiis
1417 1365 1543 1404 collata,
1569 1366 1652 1396 sicut
1676 1365 1730 1396 illa
1747 1366 1828 1396 texit
1852 1365 1938 1398 idola
1956 1366 1994 1398 de
2013 1365 2107 1397 domo

459 1422 570 1453 Laban
603 1427 760 1463 surrepta.
808 1421 960 1462 Denique
991 1420 1148 1451 habemus
1180 1419 1353 1462 privilegia
1384 1419 1469 1450 sedis
1495 1419 1703 1461 apostolicae,
1728 1424 1763 1450 ut
1788 1419 1942 1462 quicquid
1967 1431 2008 1450 ex
2033 1431 2107 1451 con-

458 1476 603 1505 cessione
630 1475 815 1516 pontificum
841 1474 893 1504 vel
917 1474 1090 1504 donatione
1122 1474 1304 1515 principum
1338 1484 1395 1503 seu
1423 1473 1477 1514 pia
1502 1471 1663 1503 oblatione
1688 1472 1832 1503 fidelium
1856 1473 1938 1505 iuste
1964 1472 2106 1515 posside-

457 1540 537 1564 mus,
570 1528 760 1559 auctoritate.
793 1527 971 1569 apostolica
1003 1533 1180 1566 teneamus,
1212 1527 1296 1557 inter
1326 1537 1408 1568 quae
1441 1526 1630 1556 nominatim
1660 1525 1852 1567 aliquotiens
1884 1526 2108 1570 exprimuntur

458 1581 645 1615 aecclesiae,
678 1581 822 1623 capellae
854 1592 891 1611 ac.
924 1580 1080 1611 decimae.
1128 1579 1243 1610 Nonne
1275 1580 1320 1610 sic
1353 1578 1498 1609 scribens
1530 1578 1669 1609 ecclesia
1693 1579 1839 1609 Romana
1870 1579 1962 1621 quasi
1986 1579 2107 1610 Rachel

458 1635 596 1665 formosa
622 1634 779 1676 expandit
804 1645 836 1664 se
863 1645 960 1675 super
984 1634 1204 1675 possessiones
1234 1632 1453 1669 cenobiorum,
1478 1637 1512 1662 ut
1536 1643 1600 1662 non
1625 1632 1718 1674 quasi
1747 1632 1900 1671 avaricia,
1933 1632 1991 1664 sed
2015 1633 2107 1674 quasi
2127 1645 2138 1662 ι)

460 1687 642 1718 benedictio
674 1687 858 1718 iudicentur
890 1699 951 1728 que
984 1686 1068 1717 illius
1100 1687 1290 1717 auctoritate
1323 1697 1360 1716 ac
1392 1685 1592 1727 benignitate
1617 1697 1637 1716 a
1661 1685 1858 1727 spiritalibus
1890 1685 2105 1728 possidentur.

460 1741 689 1771 Verumtamen
716 1751 774 1770 nec
800 1741 877 1781 ipsis
906 1741 980 1770 viris
1006 1739 1162 1781 religiosis
1188 1739 1248 1770 hoc
1272 1739 1370 1769 licere
1397 1738 1615 1774 concedimuS,
1641 1744 1675 1769 ut
1703 1739 1735 1769 in
1761 1738 1907 1770 ecclesiis
1932 1750 2042 1770 eorum
2067 1739 2107 1769 sit

460 1794 680 1824 conducticius
705 1793 756 1823 vel
787 1794 932 1823 minister
963 1793 1109 1823 absolute
1142 1792 1318 1826 ordinatus,
1344 1791 1488 1834 qualibet
1512 1803 1595 1833 vage
1628 1791 1882 1822 discurrentibus
1908 1797 1938 1823 et
1963 1803 1996 1823 se
2022 1803 2106 1823 nunc

459 1847 510 1877 hic
542 1858 626 1877 111111(-
657 1846 720 1877 illic
751 1846 1016 1888 prostitucntilms
1042 1846 1119 1877 heu!
1153 1846 1246 1887 plena
1272 1851 1320 1876 est
1346 1845 1522 1876 Germania
1548 1850 1579 1875 et
1604 1844 1722 1875 Gallia.
1770 1845 1836 1887 Ipsi
1861 1856 1938 1876 vero
1964 1845 2106 1887 religiosi

460 1900 518 1930 viri
545 1911 617 1930 suas
636 1899 789 1930 ccclesias
811 1904 866 1929 aut
882 1911 940 1941 per
957 1900 1145 1941 semetipsos
1164 1904 1286 1940 regant,
1313 1898 1429 1933 sobrie,
1455 1899 1548 1935 iuste,
1574 1899 1626 1940 pie
1644 1898 1785 1928 vivendo
1811 1904 1842 1929 et
1866 1898 2019 1940 populum
2045 1898 2106 1929 sibi

460 1954 665 1983 commissum
698 1953 728 1982 in
754 1953 893 1994 idipsum
918 1952 1057 1983 fideliter
1082 1952 1270 1985 c1·udiend‹:›,
1299 1957 1353 1982 aut
1378 1951 1555 1982 secundum
1582 1963 1723 1982 canones
1749 1951 1952 1982 obedientiae
1985 1951 2105 1983 stabili-

460 2012 556 2036 tatem
582 2007 713 2047 exigant
739 2005 779 2036 ab
805 2006 863 2039 his,
890 2018 969 2047 quos
995 2006 1026 2036 in
1052 2005 1246 2036 adiutorium
1272 2006 1319 2035 sui
1350 2005 1389 2035 ad
1416 2005 1593 2046 regendum
1618 2005 1772 2046 populum
1796 2005 1908 2036 volunt
1931 2016 2104 2039 assumere,

422 2074 439 2089 5.
460 2071 509 2094 111»,
535 2059 561 2089 si
586 2058 699 2089 ovibus
725 2058 880 2100 neglectis
906 2059 1011 2089 lanam
1037 2064 1067 2089 et
1092 2059 1141 2089 lac
1169 2059 1355 2100 'accipiunt,
1381 2070 1445 2089 non
1470 2057 1529 2088 sub
1550 2063 1640 2088 veste
1658 2057 1855 2088 Rachelinae
1880 2057 2106 2100 pulcritudinis

461 2112 534 2141 awti
561 2111 600 2142 ab
627 2112 779 2145 avaricia,
806 2123 887 2153 quae
914 2112 1142 2142 estidolorum
1175 2112 1322 2146 servitus,
1352 2117 1558 2150 excusentur,
1591 2111 1647 2141 sed
1679 2116 1843 2153 tamquam
1876 2111 2012 2142 idolatre
2044 2112 2105 2153 ipsi

461 2176 541 2206 oque
567 2170 599 2194 ut
625 2165 787 2195 seculares
813 2165 958 2195 canonici
986 2165 1209 2206 dampnentur,
1236 2165 1331 2195 immo
1357 2165 1454 2195 ctiam
1479 2170 1567 2195 tanto
1585 2164 1646 2195 illis
1664 2164 1806 2195 deterius·
1824 2169 1967 2206 pereant,
1986 2170 2105 2206 quanto

462 2218 601 2258 speciem
628 2218 755 2258 pietatis
781 2217 936 2248 habentes
962 2224 993 2248 ct
1010 2219 1160 2248 virtutem
1186 2219 1253 2248 eius
1279 2217 1479 2259 abnegantes
1498 2217 1736 2259 dampnabilius
1754 2224 1900 2259 peccant.
1938 2217 2003 2248 Ubi
2020 2218 2105 2249 enim

462 2270 562 2300 saluts·
588 2271 766 2300 animarum
784 2270 931 2309 neglecta
950 2271 1017 2301 sola
1034 2276 1209 2312 querantur
1227 2271 1314 2301 lucra
1339 2276 1478 2305 terrena,
1504 2270 1558 2305 ibi,
1585 2270 1713 2312 quando
1739 2270 1904 2301 habundat
1928 2271 2105 2312 iniquitatis

461 2324 602 2353 avaricia
629 2324 792 2364 querentis
818 2335 878 2365 que
904 2335 961 2354 sua
987 2330 1068 2357 sunt,
1098 2324 1286 2365 refrigescet
1311 2325 1428 2354 caritas
1455 2324 1541 2366 [non]
1569 2335 1707 2365 querens
1733 2335 1794 2366 que
1820 2336 1878 2355 sua
1902 2329 1984 2354 sunt.
2034 2323 2104 2363 Que

462 2388 532 2406 cum
559 2388 598 2406 cx
624 2388 661 2406 co
683 2376 876 2409 dinoscatur,
895 2377 980 2418 quod
999 2377 1179 2407 communia
1199 2378 1346 2418 propriis,
1372 2389 1435 2407 non
1453 2378 1583 2419 propria
1601 2377 1824 2408 communibus
1842 2377 2016 2418 anteponit,
2042 2388 2105 2408 non

463 2429 556 2459 habet
583 2429 685 2459 locum
716 2430 747 2459 in
774 2429 834 2459 illis
860 2429 1176 2470 c«›ngregationibus‚
1202 2429 1256 2460 ubi
1282 2442 1392 2460 omnes
1418 2436 1556 2472 querunt
1580 2441 1642 2472 que
1668 2441 1726 2460 sua
1751 2436 1833 2469 sunt,
1865 2430 1996 2472 propria
2021 2441 2104 2461 coin-

461 2481 620 2515 munibus,
653 2494 714 2512 non
748 2483 927 2512 communia
962 2483 1098 2524 propriis
1130 2483 1366 2524 anteponendo,
1399 2484 1495 2513 immo
1521 2490 1552 2514 et
1577 2484 1602 2513 si
1628 2495 1689 2525 qua
1722 2483 1787 2514 illic
1811 2483 1963 2514 videntur
1986 2483 2104 2514 incom-

462 2536 567 2565 munia
594 2536 623 2565 in
652 2536 792 2576 privatas
819 2535 990 2565 abusiones
1017 2536 1234 2566 distrahendo.
1284 2536 1386 2566 Sit-sic
1412 2536 1613 2567 inordinate-³
1640 2536 1824 2567 viventibus
1848 2547 1953 2577 neque
1980 2536 2105 2566 clericis

461 2600 564 2629 neque
591 2588 755 2618 monachis
781 2588 935 2618 ccclesias
953 2589 1003 2618 vol
1022 2589 1240 2619 ‹decis-siasticet
1259 2589 1341 2619 bona
1368 2589 1579 2623 defendimus,
1606 2590 1679 2631 quia
1705 2589 1823 2620 talibus
1848 2590 1995 2629 congruit
2020 2588 2105 2630 quod

463 2641 590 2671 Iudaeis·
618 2641 773 2671 Dominus
799 2641 892 2671 dicit:
931 2642 1001 2671 Ideo
1026 2644 1189 2683 naferatm·
1213 2656 1230 2671 a
1259 2644 1342 2672 voltis·
1368 2655 1491 2684 refluum
1518 2650 1545 2673 et
1569 2643 1695 2674 {labitur
1716 2643 2105 2685 flentifacientifructus

2130 784 2154 802 10

2130 1050 2152 1067 15

2127 1378 2152 1396 20

2126 1911 2151 1928 30

2125 2175 2149 2194 35

461 2696 535 2724 ιηύκ,
587 2694 663 2724 [tem
690 2702 820 2735 questus
846 2695 972 2735 iniquos
998 2700 1027 2724 ‹·t
1054 2700 1161 2735 turpes
1186 2706 1249 2724 non
1273 2694 1380 2736 aliquo
1406 2695 1565 2726 velamine
1594 2695 1758 2737 religionis
1784 2691 2015 2730 defendendos,
2048 2694 2105 2725 sed
2123 2705 2147 2725 45
2190 2717 2194 2724 .

462 2753 623 2788 tamquam
644 2747 822 2777 idolatriam
843 2747 1005 2777 cavendos
1023 2747 1202 2777 iudicanms
1220 2753 1250 2777 ‹ft
1268 2747 1355 2777 velut
1377 2748 1608 2779 inmundiciam
1627 2748 1845 2790 repudiamus,
1864 2748 1937 2789 quia
1956 2747 2010 2778 ubi
2028 2747 2103 2779 talia

567 2874 591 2885 ΣΙ1
617 2873 647 2887 1151
671 2873 787 2894 *ΗΙΙΓΓΛΨΓο
807 2874 825 2886 Γ.
