<?xml version="1.0" encoding="UTF-8"?>
<!DOCTYPE html PUBLIC "-//W3C//DTD XHTML 1.0 Transitional//EN"
    "http://www.w3.org/TR/xhtml1/DTD/xhtml1-transitional.dtd">
<html xmlns="http://www.w3.org/1999/xhtml" xml:lang="en" lang="en">
 <head>
  <title>
</title>
<meta http-equiv="Content-Type" content="text/html;charset=utf-8" />
  <meta name='ocr-system' content='tesseract 3.04.00' />
  <meta name='ocr-capabilities' content='ocr_page ocr_carea ocr_par ocr_line ocrx_word'/>
</head>
<body>
  <div class='ocr_page' id='page_1' title='image "./monumenta03geseuoft/monumenta03geseuoft_0242.png"; bbox 0 0 2233 3252; ppageno 0'>
   <div class='ocr_carea' id='block_1_1' title="bbox 378 959 452 977">
    <p class='ocr_par' dir='ltr' id='par_1_1' title="bbox 378 959 452 977">
     <span class='ocr_line' id='line_1_1' title="bbox 378 959 452 977; baseline 0 0"><span class='ocrx_word' id='word_1_1' title='bbox 378 959 405 977; x_wconf 76' lang='lat' dir='ltr'>‘s.</span> <span class='ocrx_word' id='word_1_2' title='bbox 414 960 452 977; x_wconf 80' lang='lat'><strong><em>20¹.</em></strong></span> 
     </span>
    </p>
   </div>
   <div class='ocr_carea' id='block_1_2' title="bbox 474 196 2226 244">
    <p class='ocr_par' dir='ltr' id='par_1_2' title="bbox 474 196 2226 244">
     <span class='ocr_line' id='line_1_2' title="bbox 474 196 2226 244; baseline -0.006 -1"><span class='ocrx_word' id='word_1_3' title='bbox 474 214 536 244; x_wconf 80' lang='lat'>216</span> <span class='ocrx_word' id='word_1_4' title='bbox 763 213 939 241; x_wconf 88' lang='lat' dir='ltr'>GERHOHI</span> <span class='ocrx_word' id='word_1_5' title='bbox 964 211 1194 238; x_wconf 81' lang='lat' dir='ltr'>PRAEPOSI&#39;FI</span> <span class='ocrx_word' id='word_1_6' title='bbox 1218 196 1622 237; x_wconf 77' lang='lat' dir='ltr'>REICHERSBERGEN&#39;SIS</span> <span class='ocrx_word' id='word_1_7' title='bbox 1647 209 1810 236; x_wconf 85' lang='lat' dir='ltr'>LIBELLI.</span> <span class='ocrx_word' id='word_1_8' title='bbox 2220 198 2226 222; x_wconf 67' lang='lat' dir='ltr'>l</span> 
     </span>
    </p>
   </div>
   <div class='ocr_carea' id='block_1_3' title="bbox 473 302 2160 989">
    <p class='ocr_par' dir='ltr' id='par_1_3' title="bbox 473 302 2148 611">
     <span class='ocr_line' id='line_1_3' title="bbox 474 302 2112 351; baseline -0.003 -12"><span class='ocrx_word' id='word_1_9' title='bbox 474 311 527 339; x_wconf 60' lang='lat' dir='ltr'>hos·</span> <span class='ocrx_word' id='word_1_10' title='bbox 552 309 745 351; x_wconf 65' lang='lat' dir='ltr'>capz&#39;tulnnz’2</span> <span class='ocrx_word' id='word_1_11' title='bbox 768 308 874 338; x_wconf 67' lang='lat' dir='ltr'>statuit</span> <span class='ocrx_word' id='word_1_12' title='bbox 896 307 952 337; x_wconf 69' lang='lat' dir='ltr'>sub</span> <span class='ocrx_word' id='word_1_13' title='bbox 974 305 1286 336; x_wconf 54' lang='lat' dir='ltr'>emcommunit-atione</span> <span class='ocrx_word' id='word_1_14' title='bbox 1303 303 1427 335; x_wconf 70' lang='lat' dir='ltr'>dicens.-</span> <span class='ocrx_word' id='word_1_15' title='bbox 1451 302 1645 344; x_wconf 69' lang='lat' dir='ltr'>‘Qaicunque</span> <span class='ocrx_word' id='word_1_16' title='bbox 1669 303 1873 341; x_wconf 69' lang='lat' dir='ltr'>sacerdotum,</span> <span class='ocrx_word' id='word_1_17' title='bbox 1898 303 2112 342; x_wconf 79' lang='lat' dir='ltr'>diaconorum,</span> 
     </span>
     <span class='ocr_line' id='line_1_4' title="bbox 473 356 2113 402; baseline -0.004 -9"><span class='ocrx_word' id='word_1_18' title='bbox 473 363 748 399; x_wconf 65' lang='lat' dir='ltr'>subdiaconorum,</span> <span class='ocrx_word' id='word_1_19' title='bbox 775 367 847 402; x_wconf 74' lang='lat' dir='ltr'>post</span> <span class='ocrx_word' id='word_1_20' title='bbox 874 360 1068 390; x_wconf 71' lang='lat' dir='ltr'>constitution</span> <span class='ocrx_word' id='word_1_21' title='bbox 1097 359 1200 387; x_wconf 69' lang='lat' dir='ltr'>lmatae</span> <span class='ocrx_word' id='word_1_22' title='bbox 1234 358 1398 387; x_wconf 78' lang='lat' dir='ltr'>memoriae</span> <span class='ocrx_word' id='word_1_23' title='bbox 1416 356 1650 398; x_wconf 71' lang='lat' dir='ltr'><em>predecessoris</em></span> <span class='ocrx_word' id='word_1_24' title='bbox 1674 356 1776 386; x_wconf 75' lang='lat' dir='ltr'>nostri</span> <span class='ocrx_word' id='word_1_25' title='bbox 1795 357 1991 387; x_wconf 74' lang='lat' dir='ltr'><em>sanctissimi</em></span> <span class='ocrx_word' id='word_1_26' title='bbox 2005 368 2113 398; x_wconf 70' lang='lat' dir='ltr'>papae</span> 
     </span>
     <span class='ocr_line' id='line_1_5' title="bbox 478 408 2112 450; baseline -0.004 -4"><span class='ocrx_word' id='word_1_27' title='bbox 478 416 588 446; x_wconf 67' lang='lat' dir='ltr'>Leonis</span> <span class='ocrx_word' id='word_1_28' title='bbox 612 415 649 445; x_wconf 77' lang='lat' dir='ltr'>de</span> <span class='ocrx_word' id='word_1_29' title='bbox 673 415 810 445; x_wconf 70' lang='lat' dir='ltr'>castitate</span> <span class='ocrx_word' id='word_1_30' title='bbox 835 413 1028 449; x_wconf 73' lang='lat' dir='ltr'>clericorum,</span> <span class='ocrx_word' id='word_1_31' title='bbox 1054 416 1085 441; x_wconf 81' lang='lat' dir='ltr'>et</span> <span class='ocrx_word' id='word_1_32' title='bbox 1106 416 1222 441; x_wconf 84' lang='lat' dir='ltr'>cetera.</span> <span class='ocrx_word' id='word_1_33' title='bbox 1270 409 1357 440; x_wconf 87' lang='lat' dir='ltr'>Ecce</span> <span class='ocrx_word' id='word_1_34' title='bbox 1381 409 1414 439; x_wconf 87' lang='lat' dir='ltr'>hi</span> <span class='ocrx_word' id='word_1_35' title='bbox 1439 408 1502 439; x_wconf 92' lang='lat' dir='ltr'>duo</span> <span class='ocrx_word' id='word_1_36' title='bbox 1519 408 1655 439; x_wconf 87' lang='lat' dir='ltr'>Romani</span> <span class='ocrx_word' id='word_1_37' title='bbox 1678 408 1847 450; x_wconf 87' lang='lat' dir='ltr'>pontifices</span> <span class='ocrx_word' id='word_1_38' title='bbox 1871 413 2030 439; x_wconf 80' lang='lat' dir='ltr'><strong>testantur</strong></span> <span class='ocrx_word' id='word_1_39' title='bbox 2054 408 2112 439; x_wconf 88' lang='lat' dir='ltr'>sub</span> 
     </span>
     <span class='ocr_line' id='line_1_6' title="bbox 473 461 2112 504; baseline -0.004 -6"><span class='ocrx_word' id='word_1_40' title='bbox 473 467 806 498; x_wconf 73' lang='lat' dir='ltr'>excommunicatione</span> <span class='ocrx_word' id='word_1_41' title='bbox 832 470 994 504; x_wconf 82' lang='lat' dir='ltr'>statutum,</span> <span class='ocrx_word' id='word_1_42' title='bbox 1019 470 1053 494; x_wconf 89' lang='lat' dir='ltr'>ut</span> <span class='ocrx_word' id='word_1_43' title='bbox 1077 464 1313 494; x_wconf 74' lang='lat' dir='ltr'>incontinentes</span> <span class='ocrx_word' id='word_1_44' title='bbox 1345 474 1408 492; x_wconf 87' lang='lat' dir='ltr'>non</span> <span class='ocrx_word' id='word_1_45' title='bbox 1440 461 1605 492; x_wconf 84' lang='lat' dir='ltr'>eelebrent</span> <span class='ocrx_word' id='word_1_46' title='bbox 1635 461 1843 492; x_wconf 87' lang='lat' dir='ltr'>interdictum</span> <span class='ocrx_word' id='word_1_47' title='bbox 1874 461 1936 492; x_wconf 85' lang='lat' dir='ltr'>sibi</span> <span class='ocrx_word' id='word_1_48' title='bbox 1960 461 2112 492; x_wconf 85' lang='lat' dir='ltr'>officium.</span> 
     </span>
     <span class='ocr_line' id='line_1_7' title="bbox 475 513 2148 559; baseline -0.004 -8"><span class='ocrx_word' id='word_1_49' title='bbox 475 522 581 559; x_wconf 82' lang='lat' dir='ltr'>Querc</span> <span class='ocrx_word' id='word_1_50' title='bbox 606 525 639 550; x_wconf 87' lang='lat' dir='ltr'>tu</span> <span class='ocrx_word' id='word_1_51' title='bbox 663 519 704 550; x_wconf 88' lang='lat' dir='ltr'>ab</span> <span class='ocrx_word' id='word_1_52' title='bbox 730 520 775 550; x_wconf 85' lang='lat' dir='ltr'>eis</span> <span class='ocrx_word' id='word_1_53' title='bbox 800 518 839 549; x_wconf 86' lang='lat' dir='ltr'>de</span> <span class='ocrx_word' id='word_1_54' title='bbox 865 519 924 549; x_wconf 86' lang='lat' dir='ltr'>ista</span> <span class='ocrx_word' id='word_1_55' title='bbox 950 517 1300 555; x_wconf 76' lang='lat' dir='ltr'>excommunicatione3</span> <span class='ocrx_word' id='word_1_56' title='bbox 1326 515 1403 545; x_wconf 91' lang='lat' dir='ltr'>mihi</span> <span class='ocrx_word' id='word_1_57' title='bbox 1428 514 1547 545; x_wconf 85' lang='lat' dir='ltr'>sufficit</span> <span class='ocrx_word' id='word_1_58' title='bbox 1570 514 1649 545; x_wconf 86' lang='lat' dir='ltr'>illud</span> <span class='ocrx_word' id='word_1_59' title='bbox 1674 525 1693 545; x_wconf 88' lang='lat' dir='ltr'>a</span> <span class='ocrx_word' id='word_1_60' title='bbox 1716 525 1802 556; x_wconf 87' lang='lat' dir='ltr'>papa</span> <span class='ocrx_word' id='word_1_61' title='bbox 1819 513 1979 556; x_wconf 80' lang='lat' dir='ltr'>Gregorio</span> <span class='ocrx_word' id='word_1_62' title='bbox 2004 525 2113 557; x_wconf 88' lang='lat' dir='ltr'>supra·</span> <span class='ocrx_word' id='word_1_63' title='bbox 2136 527 2148 544; x_wconf 82' lang='lat'>5</span> 
     </span>
     <span class='ocr_line' id='line_1_8' title="bbox 474 569 1415 611; baseline -0.005 -8"><span class='ocrx_word' id='word_1_64' title='bbox 474 573 604 611; x_wconf 85' lang='lat' dir='ltr'>dictum,</span> <span class='ocrx_word' id='word_1_65' title='bbox 631 572 684 603; x_wconf 91' lang='lat' dir='ltr'>ubi</span> <span class='ocrx_word' id='word_1_66' title='bbox 710 572 825 603; x_wconf 85' lang='lat' dir='ltr'>officiis</span> <span class='ocrx_word' id='word_1_67' title='bbox 850 582 960 602; x_wconf 87' lang='lat' dir='ltr'>corum</span> <span class='ocrx_word' id='word_1_68' title='bbox 986 570 1126 601; x_wconf 73' lang='lat' dir='ltr'>ostendit</span> <span class='ocrx_word' id='word_1_69' title='bbox 1150 569 1218 599; x_wconf 86' lang='lat' dir='ltr'>fieri</span> <span class='ocrx_word' id='word_1_70' title='bbox 1244 579 1415 610; x_wconf 79' lang='lat' dir='ltr'>paganum.</span> 
     </span>
    </p>

    <p class='ocr_par' dir='ltr' id='par_1_4' title="bbox 473 625 2160 989">
     <span class='ocr_line' id='line_1_9' title="bbox 580 625 2115 669; baseline -0.002 -9"><span class='ocrx_word' id='word_1_71' title='bbox 580 630 612 660; x_wconf 74' lang='lat' dir='ltr'>S.</span> <span class='ocrx_word' id='word_1_72' title='bbox 649 630 736 669; x_wconf 77' lang='lat' dir='ltr'>Quid</span> <span class='ocrx_word' id='word_1_73' title='bbox 761 629 842 660; x_wconf 81' lang='lat' dir='ltr'>dicis</span> <span class='ocrx_word' id='word_1_74' title='bbox 867 628 908 659; x_wconf 86' lang='lat' dir='ltr'>ad</span> <span class='ocrx_word' id='word_1_75' title='bbox 932 628 985 659; x_wconf 87' lang='lat' dir='ltr'>illa</span> <span class='ocrx_word' id='word_1_76' title='bbox 1010 627 1135 658; x_wconf 82' lang='lat' dir='ltr'>Nicolai</span> <span class='ocrx_word' id='word_1_77' title='bbox 1159 638 1263 668; x_wconf 86' lang='lat' dir='ltr'>papae</span> <span class='ocrx_word' id='word_1_78' title='bbox 1289 625 1429 665; x_wconf 78' lang='lat' dir='ltr'>decreta,</span> <span class='ocrx_word' id='word_1_79' title='bbox 1455 636 1538 667; x_wconf 88' lang='lat' dir='ltr'>quae</span> <span class='ocrx_word' id='word_1_80' title='bbox 1565 625 1607 655; x_wconf 86' lang='lat' dir='ltr'>ad</span> <span class='ocrx_word' id='word_1_81' title='bbox 1632 625 1778 656; x_wconf 83' lang='lat' dir='ltr'>consulta</span> <span class='ocrx_word' id='word_1_82' title='bbox 1800 625 2015 667; x_wconf 82' lang='lat' dir='ltr'>Bulgarorum</span> <span class='ocrx_word' id='word_1_83' title='bbox 2040 625 2115 657; x_wconf 83' lang='lat' dir='ltr'>data</span> 
     </span>
     <span class='ocr_line' id='line_1_10' title="bbox 474 678 2114 722; baseline -0.003 -8"><span class='ocrx_word' id='word_1_84' title='bbox 474 684 638 714; x_wconf 72' lang='lat' dir='ltr'>continent</span> <span class='ocrx_word' id='word_1_85' title='bbox 661 683 742 714; x_wconf 89' lang='lat' dir='ltr'>haec</span> <span class='ocrx_word' id='word_1_86' title='bbox 768 683 850 713; x_wconf 85' lang='lat' dir='ltr'>inter</span> <span class='ocrx_word' id='word_1_87' title='bbox 875 683 1019 712; x_wconf 76' lang='lat' dir='ltr'>ceteral:</span> <span class='ocrx_word' id='word_1_88' title='bbox 1054 681 1101 711; x_wconf 80' lang='lat' dir='ltr'>De</span> <span class='ocrx_word' id='word_1_89' title='bbox 1119 680 1312 722; x_wconf 60' lang='lat' dir='ltr'>presbyteris</span> <span class='ocrx_word' id='word_1_90' title='bbox 1335 680 1431 717; x_wconf 76' lang='lat' dir='ltr'>vobis,</span> <span class='ocrx_word' id='word_1_91' title='bbox 1463 680 1521 720; x_wconf 74' lang='lat' dir='ltr'>qui</span> <span class='ocrx_word' id='word_1_92' title='bbox 1543 679 1622 710; x_wconf 76' lang='lat' dir='ltr'>laici</span> <span class='ocrx_word' id='word_1_93' title='bbox 1643 680 1725 717; x_wconf 79' lang='lat' dir='ltr'>estis,</span> <span class='ocrx_word' id='word_1_94' title='bbox 1753 691 1807 710; x_wconf 72' lang='grc'><strong>1100</strong></span> <span class='ocrx_word' id='word_1_95' title='bbox 1833 678 2038 710; x_wconf 68' lang='grc' dir='ltr'>ιάἅίοαηίῖιωη</span> <span class='ocrx_word' id='word_1_96' title='bbox 2062 686 2114 718; x_wconf 81' lang='lat' dir='ltr'>est,</span> 
     </span>
     <span class='ocr_line' id='line_1_11' title="bbox 475 731 2130 777; baseline -0.002 -10"><span class='ocrx_word' id='word_1_97' title='bbox 475 750 526 768; x_wconf 75' lang='lat' dir='ltr'>nec</span> <span class='ocrx_word' id='word_1_98' title='bbox 551 737 587 767; x_wconf 72' lang='lat' dir='ltr'>de</span> <span class='ocrx_word' id='word_1_99' title='bbox 614 738 674 767; x_wconf 75' lang='lat' dir='ltr'>rita</span> <span class='ocrx_word' id='word_1_100' title='bbox 700 749 802 767; x_wconf 72' lang='lat' dir='ltr'>eornm</span> <span class='ocrx_word' id='word_1_101' title='bbox 828 737 993 777; x_wconf 70' lang='lat' dir='ltr'>quicquam</span> <span class='ocrx_word' id='word_1_102' title='bbox 1021 733 1278 775; x_wconf 60' lang='lat' dir='ltr'>inrestiqandum,</span> <span class='ocrx_word' id='word_1_103' title='bbox 1302 732 1358 763; x_wconf 72' lang='lat' dir='ltr'>sed</span> <span class='ocrx_word' id='word_1_104' title='bbox 1381 733 1597 774; x_wconf 70' lang='lat' dir='ltr'>episcoporum</span> <span class='ocrx_word' id='word_1_105' title='bbox 1622 732 1751 771; x_wconf 71' lang='lat' dir='ltr'>indicio,</span> <span class='ocrx_word' id='word_1_106' title='bbox 1780 731 1934 773; x_wconf 70' lang='lat' dir='ltr'>quicquid</span> <span class='ocrx_word' id='word_1_107' title='bbox 1956 732 2040 763; x_wconf 69' lang='lat' dir='ltr'>illud</span> <span class='ocrx_word' id='word_1_108' title='bbox 2063 739 2130 777; x_wconf 40' lang='lat' dir='ltr'>esa,</span> 
     </span>
     <span class='ocr_line' id='line_1_12' title="bbox 475 784 2160 830; baseline -0.003 -9"><span class='ocrx_word' id='word_1_109' title='bbox 475 790 703 821; x_wconf 62' lang='lat' dir='ltr'>reservandum.</span> <span class='ocrx_word' id='word_1_110' title='bbox 752 789 794 819; x_wconf 81' lang='lat' dir='ltr'>Et</span> <span class='ocrx_word' id='word_1_111' title='bbox 818 794 889 830; x_wconf 88' lang='lat' dir='ltr'>post</span> <span class='ocrx_word' id='word_1_112' title='bbox 914 787 1059 829; x_wconf 75' lang='lat' dir='ltr'>aliqua2:</span> <span class='ocrx_word' id='word_1_113' title='bbox 1087 787 1213 825; x_wconf 65' lang='lat' dir='ltr'>Sumite,</span> <span class='ocrx_word' id='word_1_114' title='bbox 1238 786 1351 827; x_wconf 84' lang='lat' dir='ltr'>inquit,</span> <span class='ocrx_word' id='word_1_115' title='bbox 1376 786 1414 816; x_wconf 81' lang='lat' dir='ltr'>ab</span> <span class='ocrx_word' id='word_1_116' title='bbox 1440 786 1527 815; x_wconf 78' lang='lat' dir='ltr'>omni</span> <span class='ocrx_word' id='word_1_117' title='bbox 1547 785 1705 816; x_wconf 76' lang='lat' dir='ltr'>sacerdote</span> <span class='ocrx_word' id='word_1_118' title='bbox 1731 785 1884 827; x_wconf 72' lang='lat' dir='ltr'>intrepide</span> <span class='ocrx_word' id='word_1_119' title='bbox 1909 784 2029 815; x_wconf 76' lang='lat' dir='ltr'><em>Christi</em></span> <span class='ocrx_word' id='word_1_120' title='bbox 2050 797 2114 827; x_wconf 64' lang='lat' dir='ltr'>mys-</span> <span class='ocrx_word' id='word_1_121' title='bbox 2136 797 2160 816; x_wconf 84' lang='grc' dir='ltr'>ιο</span> 
     </span>
     <span class='ocr_line' id='line_1_13' title="bbox 473 837 2115 884; baseline -0.002 -12"><span class='ocrx_word' id='word_1_122' title='bbox 473 845 578 882; x_wconf 67' lang='lat' dir='ltr'>steria,</span> <span class='ocrx_word' id='word_1_123' title='bbox 610 844 755 884; x_wconf 71' lang='lat' dir='ltr'>quoniam</span> <span class='ocrx_word' id='word_1_124' title='bbox 783 843 885 873; x_wconf 73' lang='lat' dir='ltr'>omnia</span> <span class='ocrx_word' id='word_1_125' title='bbox 913 843 942 871; x_wconf 75' lang='grc' dir='ltr'><em>ιή</em></span> <span class='ocrx_word' id='word_1_126' title='bbox 961 841 1029 882; x_wconf 66' lang='lat' dir='ltr'>fide</span> <span class='ocrx_word' id='word_1_127' title='bbox 1051 847 1235 882; x_wconf 63' lang='lat' dir='ltr'>parqmmon</span> <span class='ocrx_word' id='word_1_128' title='bbox 1284 839 1375 869; x_wconf 86' lang='lat' dir='ltr'>Haec</span> <span class='ocrx_word' id='word_1_129' title='bbox 1401 838 1483 868; x_wconf 82' lang='lat' dir='ltr'>dixit</span> <span class='ocrx_word' id='word_1_130' title='bbox 1506 849 1593 879; x_wconf 86' lang='lat' dir='ltr'>papa</span> <span class='ocrx_word' id='word_1_131' title='bbox 1616 837 1780 880; x_wconf 86' lang='lat' dir='ltr'>Nyeolaus</span> <span class='ocrx_word' id='word_1_132' title='bbox 1806 837 2056 878; x_wconf 72' lang='lat' dir='ltr'>sciscitantibus,</span> <span class='ocrx_word' id='word_1_133' title='bbox 2080 842 2115 868; x_wconf 89' lang='lat' dir='ltr'>ut</span> 
     </span>
     <span class='ocr_line' id='line_1_14' title="bbox 474 890 2114 937; baseline -0.002 -12"><span class='ocrx_word' id='word_1_134' title='bbox 474 897 544 937; x_wconf 87' lang='lat' dir='ltr'>ipsa</span> <span class='ocrx_word' id='word_1_135' title='bbox 567 906 723 937; x_wconf 85' lang='lat' dir='ltr'>responsa</span> <span class='ocrx_word' id='word_1_136' title='bbox 748 894 930 930; x_wconf 83' lang='lat' dir='ltr'>ostendunt,</span> <span class='ocrx_word' id='word_1_137' title='bbox 955 905 1017 924; x_wconf 88' lang='lat' dir='ltr'>uon</span> <span class='ocrx_word' id='word_1_138' title='bbox 1043 893 1143 923; x_wconf 90' lang='grc'><strong>50111111</strong></span> <span class='ocrx_word' id='word_1_139' title='bbox 1169 892 1208 923; x_wconf 88' lang='lat' dir='ltr'>de</span> <span class='ocrx_word' id='word_1_140' title='bbox 1226 891 1424 933; x_wconf 87' lang='lat' dir='ltr'>presbyteris</span> <span class='ocrx_word' id='word_1_141' title='bbox 1449 890 1693 930; x_wconf 79' lang='lat' dir='ltr'>fornicantibus,</span> <span class='ocrx_word' id='word_1_142' title='bbox 1719 890 1777 922; x_wconf 88' lang='lat' dir='ltr'>sed</span> <span class='ocrx_word' id='word_1_143' title='bbox 1793 891 1890 922; x_wconf 87' lang='lat' dir='ltr'>etiam</span> <span class='ocrx_word' id='word_1_144' title='bbox 1907 890 2114 922; x_wconf 84' lang='lat' dir='ltr'>adulteranti-</span> 
     </span>
     <span class='ocr_line' id='line_1_15' title="bbox 473 943 2114 989; baseline -0.004 -9"><span class='ocrx_word' id='word_1_145' title='bbox 473 948 542 989; x_wconf 84' lang='lat' dir='ltr'>bus,</span> <span class='ocrx_word' id='word_1_146' title='bbox 568 948 740 979; x_wconf 82' lang='lat' dir='ltr'>ostendens</span> <span class='ocrx_word' id='word_1_147' title='bbox 765 959 875 978; x_wconf 86' lang='lat' dir='ltr'>eorum</span> <span class='ocrx_word' id='word_1_148' title='bbox 901 946 1076 977; x_wconf 71' lang='lat' dir='ltr'>*audienda</span> <span class='ocrx_word' id='word_1_149' title='bbox 1101 946 1216 981; x_wconf 79' lang='lat' dir='ltr'>officia,</span> <span class='ocrx_word' id='word_1_150' title='bbox 1243 944 1349 986; x_wconf 84' lang='lat' dir='ltr'>quoad</span> <span class='ocrx_word' id='word_1_151' title='bbox 1373 955 1474 986; x_wconf 83' lang='lat' dir='ltr'>usque</span> <span class='ocrx_word' id='word_1_152' title='bbox 1499 943 1540 974; x_wconf 87' lang='lat' dir='ltr'>ab</span> <span class='ocrx_word' id='word_1_153' title='bbox 1565 944 1726 986; x_wconf 84' lang='lat' dir='ltr'>episcopis</span> <span class='ocrx_word' id='word_1_154' title='bbox 1751 955 1861 975; x_wconf 88' lang='lat' dir='ltr'>eorum</span> <span class='ocrx_word' id='word_1_155' title='bbox 1887 943 1979 975; x_wconf 88' lang='lat' dir='ltr'>detur</span> <span class='ocrx_word' id='word_1_156' title='bbox 2002 945 2035 974; x_wconf 92' lang='lat' dir='ltr'>in</span> <span class='ocrx_word' id='word_1_157' title='bbox 2060 955 2114 974; x_wconf 88' lang='lat' dir='ltr'>eos</span> 
     </span>
    </p>
   </div>
   <div class='ocr_carea' id='block_1_4' title="bbox 2149 965 2233 3252">
    <p class='ocr_par' dir='ltr' id='par_1_5' title="bbox 2149 965 2233 3252">
     <span class='ocr_line' id='line_1_16' title="bbox 2149 965 2233 1558; baseline 0 0"><span class='ocrx_word' id='word_1_158' title='bbox 2149 965 2233 1558; x_wconf 95' lang='lat' dir='ltr'>     </span> 
     </span>
     <span class='ocr_line' id='line_1_17' title="bbox 2149 1558 2233 1916; baseline 0 -85"><span class='ocrx_word' id='word_1_159' title='bbox 2149 1558 2233 1916; x_wconf 95' lang='lat' dir='ltr'>   </span> 
     </span>
     <span class='ocr_line' id='line_1_18' title="bbox 2149 1916 2233 2182; baseline 0 0"><span class='ocrx_word' id='word_1_160' title='bbox 2149 1916 2233 2182; x_wconf 95' lang='lat' dir='ltr'>  </span> 
     </span>
     <span class='ocr_line' id='line_1_19' title="bbox 2149 2182 2233 2447; baseline 0 0"><span class='ocrx_word' id='word_1_161' title='bbox 2149 2182 2233 2447; x_wconf 95' lang='lat' dir='ltr'>  </span> 
     </span>
     <span class='ocr_line' id='line_1_20' title="bbox 2149 2447 2233 3252; baseline 0 -629"><span class='ocrx_word' id='word_1_162' title='bbox 2149 2447 2233 3252; x_wconf 95' lang='lat' dir='ltr'>   </span> 
     </span>
    </p>
   </div>
   <div class='ocr_carea' id='block_1_5' title="bbox 473 1002 2191 2692">
    <p class='ocr_par' dir='ltr' id='par_1_6' title="bbox 473 1002 749 1033">
     <span class='ocr_line' id='line_1_21' title="bbox 473 1002 749 1033; baseline 0 -1"><span class='ocrx_word' id='word_1_163' title='bbox 473 1002 556 1033; x_wconf 88' lang='lat' dir='ltr'>iusta</span> <span class='ocrx_word' id='word_1_164' title='bbox 581 1002 749 1032; x_wconf 82' lang='lat' dir='ltr'>sententia.</span> 
     </span>
    </p>

    <p class='ocr_par' dir='ltr' id='par_1_7' title="bbox 580 1050 2159 1094">
     <span class='ocr_line' id='line_1_22' title="bbox 580 1050 2159 1094; baseline -0.003 -9"><span class='ocrx_word' id='word_1_165' title='bbox 580 1055 616 1085; x_wconf 83' lang='lat' dir='ltr'>R.</span> <span class='ocrx_word' id='word_1_166' title='bbox 653 1055 738 1093; x_wconf 82' lang='lat' dir='ltr'>Scio,</span> <span class='ocrx_word' id='word_1_167' title='bbox 764 1055 871 1093; x_wconf 83' lang='lat' dir='ltr'>frater,</span> <span class='ocrx_word' id='word_1_168' title='bbox 897 1054 958 1083; x_wconf 84' lang='grc'><strong>15111</strong></span> <span class='ocrx_word' id='word_1_169' title='bbox 983 1052 1122 1094; x_wconf 82' lang='lat' dir='ltr'>capitula</span> <span class='ocrx_word' id='word_1_170' title='bbox 1148 1052 1295 1090; x_wconf 82' lang='lat' dir='ltr'>inveniri,</span> <span class='ocrx_word' id='word_1_171' title='bbox 1325 1050 1383 1081; x_wconf 87' lang='lat' dir='ltr'>sed</span> <span class='ocrx_word' id='word_1_172' title='bbox 1407 1062 1426 1081; x_wconf 92' lang='lat' dir='ltr'>a</span> <span class='ocrx_word' id='word_1_173' title='bbox 1450 1050 1616 1081; x_wconf 78' lang='lat' dir='ltr'>catholicis</span> <span class='ocrx_word' id='word_1_174' title='bbox 1640 1062 1703 1081; x_wconf 91' lang='lat' dir='ltr'>non</span> <span class='ocrx_word' id='word_1_175' title='bbox 1728 1050 1823 1081; x_wconf 86' lang='lat' dir='ltr'>video</span> <span class='ocrx_word' id='word_1_176' title='bbox 1849 1050 1910 1081; x_wconf 87' lang='lat' dir='ltr'>illis</span> <span class='ocrx_word' id='word_1_177' title='bbox 1936 1050 2070 1081; x_wconf 84' lang='lat' dir='ltr'>obediri.</span> <span class='ocrx_word' id='word_1_178' title='bbox 2136 1062 2159 1081; x_wconf 86' lang='lat'>15</span> 
     </span>
    </p>

    <p class='ocr_par' dir='ltr' id='par_1_8' title="bbox 580 1103 1754 1140">
     <span class='ocr_line' id='line_1_23' title="bbox 580 1103 1754 1140; baseline -0.003 -2"><span class='ocrx_word' id='word_1_179' title='bbox 580 1108 613 1138; x_wconf 82' lang='lat' dir='ltr'>S.</span> <span class='ocrx_word' id='word_1_180' title='bbox 649 1107 746 1138; x_wconf 86' lang='lat' dir='ltr'>Modo</span> <span class='ocrx_word' id='word_1_181' title='bbox 771 1107 832 1138; x_wconf 90' lang='lat' dir='ltr'>illis</span> <span class='ocrx_word' id='word_1_182' title='bbox 858 1106 1007 1137; x_wconf 80' lang='lat' dir='ltr'>catholici</span> <span class='ocrx_word' id='word_1_183' title='bbox 1032 1117 1095 1136; x_wconf 88' lang='lat' dir='ltr'>non</span> <span class='ocrx_word' id='word_1_184' title='bbox 1120 1104 1283 1140; x_wconf 87' lang='lat' dir='ltr'>obediunt,</span> <span class='ocrx_word' id='word_1_185' title='bbox 1309 1104 1366 1135; x_wconf 83' lang='lat' dir='ltr'>sed</span> <span class='ocrx_word' id='word_1_186' title='bbox 1391 1103 1528 1135; x_wconf 89' lang='lat' dir='ltr'>antehac</span> <span class='ocrx_word' id='word_1_187' title='bbox 1553 1103 1754 1135; x_wconf 86' lang='lat' dir='ltr'>obedierunt.</span> 
     </span>
    </p>

    <p class='ocr_par' dir='ltr' id='par_1_9' title="bbox 474 1156 2160 1785">
     <span class='ocr_line' id='line_1_24' title="bbox 579 1156 2115 1201; baseline -0.003 -10"><span class='ocrx_word' id='word_1_188' title='bbox 579 1160 615 1191; x_wconf 89' lang='lat' dir='ltr'>R.</span> <span class='ocrx_word' id='word_1_189' title='bbox 654 1160 759 1199; x_wconf 85' lang='lat' dir='ltr'>Certe,</span> <span class='ocrx_word' id='word_1_190' title='bbox 788 1160 896 1197; x_wconf 79' lang='lat' dir='ltr'>frater,</span> <span class='ocrx_word' id='word_1_191' title='bbox 928 1170 1033 1201; x_wconf 84' lang='lat' dir='ltr'>neque</span> <span class='ocrx_word' id='word_1_192' title='bbox 1058 1158 1152 1189; x_wconf 81' lang='lat' dir='ltr'>modo</span> <span class='ocrx_word' id='word_1_193' title='bbox 1176 1169 1281 1199; x_wconf 87' lang='lat' dir='ltr'>neque</span> <span class='ocrx_word' id='word_1_194' title='bbox 1306 1157 1443 1188; x_wconf 87' lang='lat' dir='ltr'>antehac</span> <span class='ocrx_word' id='word_1_195' title='bbox 1468 1157 1664 1188; x_wconf 78' lang='lat' dir='ltr'>fornicantes</span> <span class='ocrx_word' id='word_1_196' title='bbox 1690 1161 1721 1187; x_wconf 89' lang='lat' dir='ltr'>et</span> <span class='ocrx_word' id='word_1_197' title='bbox 1745 1156 1963 1188; x_wconf 82' lang='lat' dir='ltr'>adulterantes</span> <span class='ocrx_word' id='word_1_198' title='bbox 1989 1157 2115 1198; x_wconf 89' lang='lat' dir='ltr'>accepti</span> 
     </span>
     <span class='ocr_line' id='line_1_25' title="bbox 474 1209 2115 1252; baseline -0.003 -7"><span class='ocrx_word' id='word_1_199' title='bbox 474 1215 603 1245; x_wconf 86' lang='lat' dir='ltr'>fuerunt</span> <span class='ocrx_word' id='word_1_200' title='bbox 621 1225 719 1244; x_wconf 83' lang='lat' dir='ltr'>sanae</span> <span class='ocrx_word' id='word_1_201' title='bbox 736 1213 852 1244; x_wconf 81' lang='lat' dir='ltr'>mentis</span> <span class='ocrx_word' id='word_1_202' title='bbox 869 1211 1062 1251; x_wconf 78' lang='lat' dir='ltr'>hominibus,</span> <span class='ocrx_word' id='word_1_203' title='bbox 1081 1216 1112 1242; x_wconf 89' lang='lat' dir='ltr'>et</span> <span class='ocrx_word' id='word_1_204' title='bbox 1129 1211 1225 1241; x_wconf 88' lang='lat' dir='ltr'>etiam</span> <span class='ocrx_word' id='word_1_205' title='bbox 1241 1216 1318 1241; x_wconf 90' lang='grc'><strong>111110</strong></span> <span class='ocrx_word' id='word_1_206' title='bbox 1335 1209 1568 1252; x_wconf 76' lang='lat' dir='ltr'>reprobabiles,</span> <span class='ocrx_word' id='word_1_207' title='bbox 1586 1221 1658 1241; x_wconf 91' lang='grc'><strong>011111</strong></span> <span class='ocrx_word' id='word_1_208' title='bbox 1675 1209 1818 1241; x_wconf 89' lang='lat' dir='ltr'>nondum</span> <span class='ocrx_word' id='word_1_209' title='bbox 1836 1221 1854 1240; x_wconf 90' lang='lat' dir='ltr'>a</span> <span class='ocrx_word' id='word_1_210' title='bbox 1868 1210 1941 1241; x_wconf 93' lang='lat' dir='ltr'>VII.</span> <span class='ocrx_word' id='word_1_211' title='bbox 1957 1209 2115 1252; x_wconf 81' lang='lat' dir='ltr'>Gregorio</span> 
     </span>
     <span class='ocr_line' id='line_1_26' title="bbox 474 1263 2115 1305; baseline -0.002 -7"><span class='ocrx_word' id='word_1_212' title='bbox 474 1268 603 1298; x_wconf 88' lang='lat' dir='ltr'>fuerunt</span> <span class='ocrx_word' id='word_1_213' title='bbox 627 1267 791 1298; x_wconf 80' lang='lat' dir='ltr'>eliminati.</span> <span class='ocrx_word' id='word_1_214' title='bbox 840 1265 934 1296; x_wconf 85' lang='lat' dir='ltr'>Unde</span> <span class='ocrx_word' id='word_1_215' title='bbox 959 1265 1080 1296; x_wconf 81' lang='lat' dir='ltr'>licitum</span> <span class='ocrx_word' id='word_1_216' title='bbox 1106 1271 1153 1295; x_wconf 83' lang='lat' dir='ltr'>est</span> <span class='ocrx_word' id='word_1_217' title='bbox 1178 1264 1312 1305; x_wconf 81' lang='lat' dir='ltr'>opinari,</span> <span class='ocrx_word' id='word_1_218' title='bbox 1338 1264 1363 1293; x_wconf 84' lang='grc'>51</span> <span class='ocrx_word' id='word_1_219' title='bbox 1389 1275 1407 1294; x_wconf 90' lang='lat' dir='ltr'>a</span> <span class='ocrx_word' id='word_1_220' title='bbox 1431 1263 1555 1294; x_wconf 88' lang='lat' dir='ltr'>iuniore</span> <span class='ocrx_word' id='word_1_221' title='bbox 1580 1263 1715 1294; x_wconf 89' lang='lat' dir='ltr'>Nicolao</span> <span class='ocrx_word' id='word_1_222' title='bbox 1740 1263 1816 1294; x_wconf 87' lang='lat' dir='ltr'>data</span> <span class='ocrx_word' id='word_1_223' title='bbox 1840 1268 1889 1294; x_wconf 87' lang='grc'>051</span> <span class='ocrx_word' id='word_1_224' title='bbox 1912 1263 1992 1294; x_wconf 87' lang='lat' dir='ltr'>haec</span> <span class='ocrx_word' id='word_1_225' title='bbox 2016 1263 2115 1294; x_wconf 84' lang='lat' dir='ltr'>iussio</span> 
     </span>
     <span class='ocr_line' id='line_1_27' title="bbox 474 1317 2160 1359; baseline -0.002 -8"><span class='ocrx_word' id='word_1_226' title='bbox 474 1320 512 1351; x_wconf 80' lang='grc'>110</span> <span class='ocrx_word' id='word_1_227' title='bbox 545 1319 706 1351; x_wconf 83' lang='lat' dir='ltr'>audiendo</span> <span class='ocrx_word' id='word_1_228' title='bbox 738 1319 964 1349; x_wconf 81' lang='lat' dir='ltr'>fornicantium</span> <span class='ocrx_word' id='word_1_229' title='bbox 997 1318 1113 1355; x_wconf 79' lang='lat' dir='ltr'>officio,</span> <span class='ocrx_word' id='word_1_230' title='bbox 1145 1318 1237 1359; x_wconf 80' lang='lat' dir='ltr'>quasi</span> <span class='ocrx_word' id='word_1_231' title='bbox 1267 1317 1385 1355; x_wconf 87' lang='lat' dir='ltr'>mitius,</span> <span class='ocrx_word' id='word_1_232' title='bbox 1418 1321 1451 1347; x_wconf 83' lang='lat' dir='ltr'>ut</span> <span class='ocrx_word' id='word_1_233' title='bbox 1483 1327 1516 1347; x_wconf 88' lang='lat' dir='ltr'>se</span> <span class='ocrx_word' id='word_1_234' title='bbox 1546 1317 1754 1358; x_wconf 81' lang='lat' dir='ltr'>corrigerent,</span> <span class='ocrx_word' id='word_1_235' title='bbox 1786 1317 1934 1358; x_wconf 86' lang='lat' dir='ltr'>primitus</span> <span class='ocrx_word' id='word_1_236' title='bbox 1965 1328 2038 1347; x_wconf 90' lang='lat' dir='ltr'>cum</span> <span class='ocrx_word' id='word_1_237' title='bbox 2070 1317 2115 1347; x_wconf 84' lang='lat' dir='ltr'>eis</span> <span class='ocrx_word' id='word_1_238' title='bbox 2135 1327 2160 1346; x_wconf 78' lang='lat'>20</span> 
     </span>
     <span class='ocr_line' id='line_1_28' title="bbox 474 1369 2115 1414; baseline -0.002 -11"><span class='ocrx_word' id='word_1_239' title='bbox 474 1373 609 1414; x_wconf 80' lang='lat' dir='ltr'>agendo.</span> <span class='ocrx_word' id='word_1_240' title='bbox 656 1373 834 1414; x_wconf 86' lang='lat' dir='ltr'>Postquam</span> <span class='ocrx_word' id='word_1_241' title='bbox 866 1372 1041 1402; x_wconf 82' lang='lat' dir='ltr'>extiterunt</span> <span class='ocrx_word' id='word_1_242' title='bbox 1073 1369 1318 1412; x_wconf 73' lang='lat' dir='ltr'>incorrigibiles,</span> <span class='ocrx_word' id='word_1_243' title='bbox 1350 1370 1488 1411; x_wconf 81' lang='lat' dir='ltr'>ipsemet</span> <span class='ocrx_word' id='word_1_244' title='bbox 1519 1381 1552 1400; x_wconf 86' lang='grc'>50</span> <span class='ocrx_word' id='word_1_245' title='bbox 1585 1370 1735 1409; x_wconf 82' lang='lat' dir='ltr'>correxit,</span> <span class='ocrx_word' id='word_1_246' title='bbox 1768 1369 1897 1411; x_wconf 85' lang='lat' dir='ltr'>quando</span> <span class='ocrx_word' id='word_1_247' title='bbox 1928 1370 1961 1400; x_wconf 90' lang='lat' dir='ltr'>in</span> <span class='ocrx_word' id='word_1_248' title='bbox 1993 1369 2115 1412; x_wconf 86' lang='lat' dir='ltr'>synodo</span> 
     </span>
     <span class='ocr_line' id='line_1_29' title="bbox 474 1423 2116 1465; baseline -0.002 -8"><span class='ocrx_word' id='word_1_249' title='bbox 474 1426 595 1457; x_wconf 77' lang='lat' dir='ltr'>eisdem</span> <span class='ocrx_word' id='word_1_250' title='bbox 613 1426 720 1456; x_wconf 84' lang='lat' dir='ltr'>officia</span> <span class='ocrx_word' id='word_1_251' title='bbox 736 1425 913 1456; x_wconf 81' lang='lat' dir='ltr'>interdixit.</span> <span class='ocrx_word' id='word_1_252' title='bbox 950 1424 1026 1455; x_wconf 87' lang='lat' dir='ltr'>Ideo</span> <span class='ocrx_word' id='word_1_253' title='bbox 1043 1425 1134 1454; x_wconf 84' lang='lat' dir='ltr'>iuxta.</span> <span class='ocrx_word' id='word_1_254' title='bbox 1150 1423 1278 1465; x_wconf 82' lang='lat' dir='ltr'>regulas</span> <span class='ocrx_word' id='word_1_255' title='bbox 1303 1434 1462 1454; x_wconf 88' lang='lat' dir='ltr'>canonum</span> <span class='ocrx_word' id='word_1_256' title='bbox 1486 1423 1603 1464; x_wconf 88' lang='lat' dir='ltr'>potiori</span> <span class='ocrx_word' id='word_1_257' title='bbox 1627 1423 1810 1454; x_wconf 84' lang='lat' dir='ltr'>auctoritati</span> <span class='ocrx_word' id='word_1_258' title='bbox 1836 1427 1884 1454; x_wconf 87' lang='lat' dir='ltr'>est</span> <span class='ocrx_word' id='word_1_259' title='bbox 1908 1423 2116 1465; x_wconf 85' lang='lat' dir='ltr'>acquiescen-</span> 
     </span>
     <span class='ocr_line' id='line_1_30' title="bbox 474 1475 2117 1519; baseline -0.002 -10"><span class='ocrx_word' id='word_1_260' title='bbox 474 1479 549 1510; x_wconf 88' lang='lat' dir='ltr'>dum</span> <span class='ocrx_word' id='word_1_261' title='bbox 573 1479 624 1509; x_wconf 86' lang='lat' dir='ltr'>vel</span> <span class='ocrx_word' id='word_1_262' title='bbox 649 1479 709 1509; x_wconf 89' lang='lat' dir='ltr'>hoc</span> <span class='ocrx_word' id='word_1_263' title='bbox 735 1477 948 1515; x_wconf 78' lang='lat' dir='ltr'>sentiendum,</span> <span class='ocrx_word' id='word_1_264' title='bbox 974 1477 1060 1519; x_wconf 89' lang='lat' dir='ltr'>quod</span> <span class='ocrx_word' id='word_1_265' title='bbox 1084 1478 1117 1507; x_wconf 91' lang='lat' dir='ltr'>in</span> <span class='ocrx_word' id='word_1_266' title='bbox 1140 1477 1211 1518; x_wconf 84' lang='lat' dir='ltr'>ipsa</span> <span class='ocrx_word' id='word_1_267' title='bbox 1235 1476 1358 1518; x_wconf 78' lang='lat' dir='ltr'>synodo</span> <span class='ocrx_word' id='word_1_268' title='bbox 1384 1476 1504 1507; x_wconf 88' lang='lat' dir='ltr'>factum</span> <span class='ocrx_word' id='word_1_269' title='bbox 1528 1480 1577 1506; x_wconf 88' lang='grc'>051</span> <span class='ocrx_word' id='word_1_270' title='bbox 1601 1476 1826 1517; x_wconf 87' lang='lat' dir='ltr'>episcoporum</span> <span class='ocrx_word' id='word_1_271' title='bbox 1850 1475 2016 1515; x_wconf 88' lang='lat' dir='ltr'>iudicium,</span> <span class='ocrx_word' id='word_1_272' title='bbox 2044 1481 2117 1518; x_wconf 90' lang='lat' dir='ltr'>post</span> 
     </span>
     <span class='ocr_line' id='line_1_31' title="bbox 474 1528 2115 1574; baseline -0.001 -12"><span class='ocrx_word' id='word_1_273' title='bbox 474 1532 560 1574; x_wconf 83' lang='lat' dir='ltr'>quod</span> <span class='ocrx_word' id='word_1_274' title='bbox 591 1544 654 1562; x_wconf 89' lang='lat' dir='ltr'>nou</span> <span class='ocrx_word' id='word_1_275' title='bbox 685 1536 733 1562; x_wconf 83' lang='grc'>051</span> <span class='ocrx_word' id='word_1_276' title='bbox 764 1531 896 1562; x_wconf 86' lang='grc'><strong>1111011115</strong></span> <span class='ocrx_word' id='word_1_277' title='bbox 929 1530 1124 1561; x_wconf 85' lang='lat' dir='ltr'>audiendum</span> <span class='ocrx_word' id='word_1_278' title='bbox 1155 1529 1279 1560; x_wconf 88' lang='lat' dir='ltr'>illorum</span> <span class='ocrx_word' id='word_1_279' title='bbox 1312 1529 1519 1560; x_wconf 84' lang='lat' dir='ltr'>interdictum</span> <span class='ocrx_word' id='word_1_280' title='bbox 1551 1529 1702 1560; x_wconf 84' lang='lat' dir='ltr'>officium.</span> <span class='ocrx_word' id='word_1_281' title='bbox 1755 1528 1790 1561; x_wconf 84' lang='lat' dir='ltr'>Si</span> <span class='ocrx_word' id='word_1_282' title='bbox 1822 1534 1929 1560; x_wconf 82' lang='lat' dir='ltr'>autem</span> <span class='ocrx_word' id='word_1_283' title='bbox 1960 1541 1979 1560; x_wconf 85' lang='lat' dir='ltr'>a</span> <span class='ocrx_word' id='word_1_284' title='bbox 2009 1529 2115 1571; x_wconf 89' lang='lat' dir='ltr'>priore</span> 
     </span>
     <span class='ocr_line' id='line_1_32' title="bbox 474 1581 2159 1627; baseline -0.002 -11"><span class='ocrx_word' id='word_1_285' title='bbox 474 1585 617 1627; x_wconf 82' lang='lat' dir='ltr'>Nycolao</span> <span class='ocrx_word' id='word_1_286' title='bbox 649 1585 724 1615; x_wconf 82' lang='lat' dir='ltr'>data</span> <span class='ocrx_word' id='word_1_287' title='bbox 755 1589 804 1615; x_wconf 84' lang='lat' dir='ltr'>est</span> <span class='ocrx_word' id='word_1_288' title='bbox 835 1583 889 1614; x_wconf 87' lang='lat' dir='ltr'>illa</span> <span class='ocrx_word' id='word_1_289' title='bbox 917 1584 1025 1623; x_wconf 80' lang='lat' dir='ltr'>iussio,</span> <span class='ocrx_word' id='word_1_290' title='bbox 1057 1589 1143 1613; x_wconf 80' lang='lat' dir='ltr'>recte</span> <span class='ocrx_word' id='word_1_291' title='bbox 1177 1588 1322 1614; x_wconf 84' lang='lat' dir='ltr'>correcta</span> <span class='ocrx_word' id='word_1_292' title='bbox 1346 1588 1394 1614; x_wconf 87' lang='lat' dir='ltr'>est</span> <span class='ocrx_word' id='word_1_293' title='bbox 1418 1594 1437 1613; x_wconf 87' lang='lat' dir='ltr'>a</span> <span class='ocrx_word' id='word_1_294' title='bbox 1461 1581 1712 1621; x_wconf 73' lang='lat' dir='ltr'>suecessoribus,</span> <span class='ocrx_word' id='word_1_295' title='bbox 1739 1583 1815 1624; x_wconf 87' lang='lat' dir='ltr'>quia</span> <span class='ocrx_word' id='word_1_296' title='bbox 1839 1593 2023 1624; x_wconf 80' lang='lat' dir='ltr'>repugnans</span> <span class='ocrx_word' id='word_1_297' title='bbox 2048 1587 2117 1613; x_wconf 85' lang='lat' dir='ltr'>erat</span> <span class='ocrx_word' id='word_1_298' title='bbox 2134 1593 2159 1612; x_wconf 70' lang='lat'>2⁵</span> 
     </span>
     <span class='ocr_line' id='line_1_33' title="bbox 474 1634 2115 1679; baseline -0.001 -11"><span class='ocrx_word' id='word_1_299' title='bbox 474 1639 605 1669; x_wconf 80' lang='lat' dir='ltr'>sancitis</span> <span class='ocrx_word' id='word_1_300' title='bbox 631 1637 818 1679; x_wconf 85' lang='lat' dir='ltr'>potioribus.</span> <span class='ocrx_word' id='word_1_301' title='bbox 855 1637 950 1667; x_wconf 83' lang='lat' dir='ltr'>Unde</span> <span class='ocrx_word' id='word_1_302' title='bbox 966 1636 1111 1678; x_wconf 85' lang='lat' dir='ltr'>pluribus</span> <span class='ocrx_word' id='word_1_303' title='bbox 1136 1637 1238 1677; x_wconf 82' lang='lat' dir='ltr'>magis</span> <span class='ocrx_word' id='word_1_304' title='bbox 1256 1647 1353 1678; x_wconf 89' lang='lat' dir='ltr'>quam</span> <span class='ocrx_word' id='word_1_305' title='bbox 1369 1636 1424 1666; x_wconf 89' lang='grc'><strong>11111</strong></span> <span class='ocrx_word' id='word_1_306' title='bbox 1443 1634 1607 1675; x_wconf 78' lang='lat' dir='ltr'>obediens,</span> <span class='ocrx_word' id='word_1_307' title='bbox 1634 1640 1665 1666; x_wconf 88' lang='grc'>01</span> <span class='ocrx_word' id='word_1_308' title='bbox 1689 1636 1773 1666; x_wconf 88' lang='lat' dir='ltr'>inter</span> <span class='ocrx_word' id='word_1_309' title='bbox 1790 1640 1898 1666; x_wconf 86' lang='lat' dir='ltr'>cetera</span> <span class='ocrx_word' id='word_1_310' title='bbox 1914 1635 2018 1666; x_wconf 68' lang='lat' dir='ltr'>vnum</span> <span class='ocrx_word' id='word_1_311' title='bbox 2036 1634 2115 1666; x_wconf 80' lang='lat' dir='ltr'>Gre-</span> 
     </span>
     <span class='ocr_line' id='line_1_34' title="bbox 474 1689 2115 1733; baseline 0 -14"><span class='ocrx_word' id='word_1_312' title='bbox 474 1692 608 1733; x_wconf 84' lang='lat' dir='ltr'>gorium,</span> <span class='ocrx_word' id='word_1_313' title='bbox 635 1691 725 1732; x_wconf 85' lang='lat' dir='ltr'>quasi</span> <span class='ocrx_word' id='word_1_314' title='bbox 751 1690 859 1721; x_wconf 82' lang='lat' dir='ltr'>tubam</span> <span class='ocrx_word' id='word_1_315' title='bbox 885 1690 1030 1729; x_wconf 85' lang='lat' dir='ltr'>audiens,</span> <span class='ocrx_word' id='word_1_316' title='bbox 1062 1701 1121 1731; x_wconf 77' lang='lat' dir='ltr'>ego</span> <span class='ocrx_word' id='word_1_317' title='bbox 1153 1689 1192 1719; x_wconf 86' lang='lat' dir='ltr'>de</span> <span class='ocrx_word' id='word_1_318' title='bbox 1224 1690 1328 1719; x_wconf 85' lang='lat' dir='ltr'>missis</span> <span class='ocrx_word' id='word_1_319' title='bbox 1360 1700 1470 1720; x_wconf 87' lang='lat' dir='ltr'>eorum</span> <span class='ocrx_word' id='word_1_320' title='bbox 1502 1689 1605 1730; x_wconf 78' lang='lat' dir='ltr'>magis</span> <span class='ocrx_word' id='word_1_321' title='bbox 1634 1700 1696 1719; x_wconf 88' lang='lat' dir='ltr'>non</span> <span class='ocrx_word' id='word_1_322' title='bbox 1723 1700 1809 1725; x_wconf 71' lang='lat' dir='ltr'>curo,</span> <span class='ocrx_word' id='word_1_323' title='bbox 1836 1700 1931 1730; x_wconf 89' lang='lat' dir='ltr'>quam</span> <span class='ocrx_word' id='word_1_324' title='bbox 1957 1689 1983 1719; x_wconf 83' lang='lat' dir='ltr'>si</span> <span class='ocrx_word' id='word_1_325' title='bbox 2008 1694 2115 1720; x_wconf 86' lang='lat' dir='ltr'>canta-</span> 
     </span>
     <span class='ocr_line' id='line_1_35' title="bbox 474 1751 787 1785; baseline -0.006 -11"><span class='ocrx_word' id='word_1_326' title='bbox 474 1751 584 1774; x_wconf 85' lang='lat' dir='ltr'>rentur</span> <span class='ocrx_word' id='word_1_327' title='bbox 608 1755 627 1774; x_wconf 89' lang='lat' dir='ltr'>a</span> <span class='ocrx_word' id='word_1_328' title='bbox 651 1755 787 1785; x_wconf 79' lang='lat' dir='ltr'>pagano.</span> 
     </span>
    </p>

    <p class='ocr_par' dir='ltr' id='par_1_10' title="bbox 474 1799 2158 1948">
     <span class='ocr_line' id='line_1_36' title="bbox 581 1799 2115 1842; baseline -0.001 -11"><span class='ocrx_word' id='word_1_329' title='bbox 581 1803 612 1832; x_wconf 70' lang='lat' dir='ltr'>S.</span> <span class='ocrx_word' id='word_1_330' title='bbox 651 1801 750 1839; x_wconf 80' lang='lat' dir='ltr'>Cave,</span> <span class='ocrx_word' id='word_1_331' title='bbox 775 1812 815 1831; x_wconf 88' lang='lat' dir='ltr'>ne</span> <span class='ocrx_word' id='word_1_332' title='bbox 841 1800 1049 1831; x_wconf 80' lang='lat' dir='ltr'>sacramentis</span> <span class='ocrx_word' id='word_1_333' title='bbox 1074 1800 1174 1830; x_wconf 85' lang='lat' dir='ltr'>facias</span> <span class='ocrx_word' id='word_1_334' title='bbox 1192 1801 1351 1840; x_wconf 87' lang='lat' dir='ltr'>iniuriam,</span> <span class='ocrx_word' id='word_1_335' title='bbox 1373 1811 1466 1842; x_wconf 86' lang='lat' dir='ltr'>quae,</span> <span class='ocrx_word' id='word_1_336' title='bbox 1492 1800 1568 1830; x_wconf 89' lang='lat' dir='ltr'>licet</span> <span class='ocrx_word' id='word_1_337' title='bbox 1585 1800 1705 1830; x_wconf 87' lang='lat' dir='ltr'>eretico</span> <span class='ocrx_word' id='word_1_338' title='bbox 1724 1799 1919 1839; x_wconf 85' lang='lat' dir='ltr'>celebrante,</span> <span class='ocrx_word' id='word_1_339' title='bbox 1944 1811 2009 1831; x_wconf 92' lang='lat' dir='ltr'>non</span> <span class='ocrx_word' id='word_1_340' title='bbox 2025 1800 2115 1830; x_wconf 87' lang='lat' dir='ltr'>amit-</span> 
     </span>
     <span class='ocr_line' id='line_1_37' title="bbox 474 1852 2158 1895; baseline -0.001 -10"><span class='ocrx_word' id='word_1_341' title='bbox 474 1860 543 1885; x_wconf 83' lang='lat' dir='ltr'>tunt</span> <span class='ocrx_word' id='word_1_342' title='bbox 568 1855 633 1884; x_wconf 76' lang='lat' dir='ltr'>vim</span> <span class='ocrx_word' id='word_1_343' title='bbox 657 1865 757 1884; x_wconf 83' lang='grc'><strong>51111111.</strong></span> <span class='ocrx_word' id='word_1_344' title='bbox 805 1853 848 1884; x_wconf 88' lang='grc' dir='ltr'>Α1</span> <span class='ocrx_word' id='word_1_345' title='bbox 878 1854 930 1883; x_wconf 84' lang='lat' dir='ltr'>isti</span> <span class='ocrx_word' id='word_1_346' title='bbox 961 1853 1098 1884; x_wconf 85' lang='lat' dir='ltr'>necdum</span> <span class='ocrx_word' id='word_1_347' title='bbox 1132 1858 1204 1883; x_wconf 89' lang='lat' dir='ltr'>sunt</span> <span class='ocrx_word' id='word_1_348' title='bbox 1232 1853 1352 1884; x_wconf 84' lang='lat' dir='ltr'>addicti</span> <span class='ocrx_word' id='word_1_349' title='bbox 1377 1854 1498 1893; x_wconf 81' lang='lat' dir='ltr'>cretici,</span> <span class='ocrx_word' id='word_1_350' title='bbox 1524 1853 1671 1895; x_wconf 87' lang='lat' dir='ltr'>quamvis</span> <span class='ocrx_word' id='word_1_351' title='bbox 1696 1853 1830 1884; x_wconf 89' lang='lat' dir='ltr'>Nicolao</span> <span class='ocrx_word' id='word_1_352' title='bbox 1855 1852 2058 1884; x_wconf 85' lang='lat' dir='ltr'>eresiarchae</span> <span class='ocrx_word' id='word_1_353' title='bbox 2082 1853 2115 1883; x_wconf 89' lang='lat' dir='ltr'>in</span> <span class='ocrx_word' id='word_1_354' title='bbox 2134 1863 2158 1883; x_wconf 80' lang='lat'>³0</span> 
     </span>
     <span class='ocr_line' id='line_1_38' title="bbox 475 1907 852 1948; baseline -0.003 -10"><span class='ocrx_word' id='word_1_355' title='bbox 475 1908 558 1938; x_wconf 82' lang='lat' dir='ltr'>facto</span> <span class='ocrx_word' id='word_1_356' title='bbox 585 1908 646 1937; x_wconf 78' lang='lat' dir='ltr'>sint</span> <span class='ocrx_word' id='word_1_357' title='bbox 670 1907 852 1948; x_wconf 86' lang='lat' dir='ltr'>propinqui.</span> 
     </span>
    </p>

    <p class='ocr_par' dir='ltr' id='par_1_11' title="bbox 474 1959 2191 2692">
     <span class='ocr_line' id='line_1_39' title="bbox 580 1959 2114 2001; baseline 0 -11"><span class='ocrx_word' id='word_1_358' title='bbox 580 1961 615 1990; x_wconf 76' lang='lat' dir='ltr'>R.</span> <span class='ocrx_word' id='word_1_359' title='bbox 654 1960 761 1991; x_wconf 89' lang='lat' dir='ltr'>Unum</span> <span class='ocrx_word' id='word_1_360' title='bbox 786 1965 885 1990; x_wconf 74' lang='lat' dir='ltr'>restat</span> <span class='ocrx_word' id='word_1_361' title='bbox 909 1959 1120 2001; x_wconf 83' lang='lat' dir='ltr'>probandum,</span> <span class='ocrx_word' id='word_1_362' title='bbox 1146 1959 1269 1990; x_wconf 81' lang='lat' dir='ltr'>scilicet</span> <span class='ocrx_word' id='word_1_363' title='bbox 1294 1959 1378 2001; x_wconf 81' lang='lat' dir='ltr'>quod</span> <span class='ocrx_word' id='word_1_364' title='bbox 1405 1960 1596 1990; x_wconf 85' lang='lat' dir='ltr'>ereticorum</span> <span class='ocrx_word' id='word_1_365' title='bbox 1622 1971 1660 1990; x_wconf 82' lang='lat' dir='ltr'>ca</span> <span class='ocrx_word' id='word_1_366' title='bbox 1688 1962 1904 1990; x_wconf 78' lang='lat' dir='ltr'>‘sacramenta</span> <span class='ocrx_word' id='word_1_367' title='bbox 1928 1964 2021 1990; x_wconf 85' lang='lat' dir='ltr'>extra</span> <span class='ocrx_word' id='word_1_368' title='bbox 2044 1970 2114 1990; x_wconf 88' lang='lat' dir='ltr'>aee-</span> 
     </span>
     <span class='ocr_line' id='line_1_40' title="bbox 475 2012 2115 2054; baseline -0.001 -10"><span class='ocrx_word' id='word_1_369' title='bbox 475 2014 606 2044; x_wconf 83' lang='grc'><strong>0105111111</strong></span> <span class='ocrx_word' id='word_1_370' title='bbox 632 2012 805 2051; x_wconf 85' lang='lat' dir='ltr'>celebrata,</span> <span class='ocrx_word' id='word_1_371' title='bbox 838 2013 911 2043; x_wconf 76' lang='lat' dir='ltr'>licet</span> <span class='ocrx_word' id='word_1_372' title='bbox 937 2018 1089 2054; x_wconf 88' lang='lat' dir='ltr'>quantum</span> <span class='ocrx_word' id='word_1_373' title='bbox 1115 2013 1155 2043; x_wconf 85' lang='lat' dir='ltr'>ad</span> <span class='ocrx_word' id='word_1_374' title='bbox 1181 2013 1314 2043; x_wconf 88' lang='lat' dir='ltr'>formam</span> <span class='ocrx_word' id='word_1_375' title='bbox 1341 2012 1607 2043; x_wconf 84' lang='lat' dir='ltr'>sacramentalem</span> <span class='ocrx_word' id='word_1_376' title='bbox 1632 2013 1696 2043; x_wconf 89' lang='lat' dir='ltr'>sint</span> <span class='ocrx_word' id='word_1_377' title='bbox 1719 2013 1855 2054; x_wconf 86' lang='lat' dir='ltr'>integra,</span> <span class='ocrx_word' id='word_1_378' title='bbox 1885 2013 1967 2043; x_wconf 88' lang='lat' dir='ltr'>sicut</span> <span class='ocrx_word' id='word_1_379' title='bbox 1990 2012 2115 2054; x_wconf 85' lang='lat' dir='ltr'>integra</span> 
     </span>
     <span class='ocr_line' id='line_1_41' title="bbox 475 2065 2115 2108; baseline -0.001 -11"><span class='ocrx_word' id='word_1_380' title='bbox 475 2073 522 2097; x_wconf 82' lang='lat' dir='ltr'>est</span> <span class='ocrx_word' id='word_1_381' title='bbox 546 2066 718 2108; x_wconf 86' lang='lat' dir='ltr'>aliquando</span> <span class='ocrx_word' id='word_1_382' title='bbox 744 2077 855 2096; x_wconf 73' lang='lat' dir='ltr'>manus·</span> <span class='ocrx_word' id='word_1_383' title='bbox 886 2071 1060 2107; x_wconf 81' lang='lat' dir='ltr'>amputata,</span> <span class='ocrx_word' id='word_1_384' title='bbox 1092 2070 1199 2096; x_wconf 84' lang='lat' dir='ltr'>tamen</span> <span class='ocrx_word' id='word_1_385' title='bbox 1231 2078 1249 2097; x_wconf 88' lang='lat' dir='ltr'>a</span> <span class='ocrx_word' id='word_1_386' title='bbox 1273 2067 1390 2097; x_wconf 86' lang='lat' dir='ltr'>virtute</span> <span class='ocrx_word' id='word_1_387' title='bbox 1416 2067 1518 2096; x_wconf 87' lang='lat' dir='ltr'>sancti</span> <span class='ocrx_word' id='word_1_388' title='bbox 1545 2065 1683 2107; x_wconf 85' lang='lat' dir='ltr'>Spiritus</span> <span class='ocrx_word' id='word_1_389' title='bbox 1714 2067 1759 2097; x_wconf 86' lang='lat' dir='ltr'>ita</span> <span class='ocrx_word' id='word_1_390' title='bbox 1790 2071 1864 2096; x_wconf 88' lang='lat' dir='ltr'>sunt</span> <span class='ocrx_word' id='word_1_391' title='bbox 1887 2077 2001 2105; x_wconf 85' lang='lat' dir='ltr'>vacua,</span> <span class='ocrx_word' id='word_1_392' title='bbox 2034 2065 2115 2096; x_wconf 88' lang='lat' dir='ltr'>sicut</span> 
     </span>
     <span class='ocr_line' id='line_1_42' title="bbox 474 2118 2157 2161; baseline -0.001 -11"><span class='ocrx_word' id='word_1_393' title='bbox 474 2119 514 2150; x_wconf 74' lang='lat' dir='ltr'>al»</span> <span class='ocrx_word' id='word_1_394' title='bbox 539 2119 678 2150; x_wconf 85' lang='lat' dir='ltr'>humano</span> <span class='ocrx_word' id='word_1_395' title='bbox 708 2130 802 2149; x_wconf 83' lang='grc'><strong>5011511</strong></span> <span class='ocrx_word' id='word_1_396' title='bbox 828 2127 859 2149; x_wconf 84' lang='lat' dir='ltr'>ct</span> <span class='ocrx_word' id='word_1_397' title='bbox 883 2119 996 2160; x_wconf 76' lang='lat' dir='ltr'>spiritu</span> <span class='ocrx_word' id='word_1_398' title='bbox 1028 2131 1140 2149; x_wconf 83' lang='lat' dir='ltr'>manus</span> <span class='ocrx_word' id='word_1_399' title='bbox 1171 2124 1346 2161; x_wconf 86' lang='lat' dir='ltr'>amputata.</span> <span class='ocrx_word' id='word_1_400' title='bbox 1394 2119 1437 2149; x_wconf 78' lang='lat' dir='ltr'>Et</span> <span class='ocrx_word' id='word_1_401' title='bbox 1468 2119 1554 2160; x_wconf 86' lang='lat' dir='ltr'>quod</span> <span class='ocrx_word' id='word_1_402' title='bbox 1585 2119 1646 2149; x_wconf 88' lang='lat' dir='ltr'>illis</span> <span class='ocrx_word' id='word_1_403' title='bbox 1678 2118 1852 2161; x_wconf 89' lang='lat' dir='ltr'>aliquando</span> <span class='ocrx_word' id='word_1_404' title='bbox 1884 2119 2036 2150; x_wconf 88' lang='lat' dir='ltr'>iniustum</span> <span class='ocrx_word' id='word_1_405' title='bbox 2068 2122 2115 2149; x_wconf 85' lang='lat' dir='ltr'>est</span> <span class='ocrx_word' id='word_1_406' title='bbox 2133 2127 2157 2148; x_wconf 79' lang='lat'>³⁶</span> 
     </span>
     <span class='ocr_line' id='line_1_43' title="bbox 475 2171 2113 2214; baseline 0 -12"><span class='ocrx_word' id='word_1_407' title='bbox 475 2184 589 2203; x_wconf 83' lang='lat' dir='ltr'>nomen</span> <span class='ocrx_word' id='word_1_408' title='bbox 615 2172 712 2202; x_wconf 83' lang='grc'><strong>010515</strong></span> <span class='ocrx_word' id='word_1_409' title='bbox 738 2178 801 2202; x_wconf 87' lang='lat' dir='ltr'>tam</span> <span class='ocrx_word' id='word_1_410' title='bbox 819 2172 996 2210; x_wconf 83' lang='lat' dir='ltr'>Nicolaitis,</span> <span class='ocrx_word' id='word_1_411' title='bbox 1023 2182 1119 2213; x_wconf 90' lang='lat' dir='ltr'>quam</span> <span class='ocrx_word' id='word_1_412' title='bbox 1143 2173 1348 2213; x_wconf 85' lang='lat' dir='ltr'>symoniacis,</span> <span class='ocrx_word' id='word_1_413' title='bbox 1375 2172 1439 2214; x_wconf 90' lang='lat' dir='ltr'>qui,</span> <span class='ocrx_word' id='word_1_414' title='bbox 1464 2173 1497 2202; x_wconf 88' lang='lat' dir='ltr'>in</span> <span class='ocrx_word' id='word_1_415' title='bbox 1518 2172 1634 2202; x_wconf 88' lang='lat' dir='ltr'>erroris</span> <span class='ocrx_word' id='word_1_416' title='bbox 1659 2172 1708 2202; x_wconf 90' lang='lat' dir='ltr'>sui</span> <span class='ocrx_word' id='word_1_417' title='bbox 1733 2177 1821 2203; x_wconf 84' lang='lat' dir='ltr'>secta</span> <span class='ocrx_word' id='word_1_418' title='bbox 1845 2171 1995 2211; x_wconf 85' lang='lat' dir='ltr'>indurati,</span> <span class='ocrx_word' id='word_1_419' title='bbox 2021 2183 2113 2213; x_wconf 89' lang='lat' dir='ltr'>syno-</span> 
     </span>
     <span class='ocr_line' id='line_1_44' title="bbox 475 2223 2113 2266; baseline -0.001 -10"><span class='ocrx_word' id='word_1_420' title='bbox 475 2225 600 2256; x_wconf 82' lang='lat' dir='ltr'>dalibus</span> <span class='ocrx_word' id='word_1_421' title='bbox 632 2231 812 2255; x_wconf 76' lang='lat' dir='ltr'>sanctorum</span> <span class='ocrx_word' id='word_1_422' title='bbox 839 2230 963 2266; x_wconf 83' lang='lat' dir='ltr'>patrum</span> <span class='ocrx_word' id='word_1_423' title='bbox 989 2224 1234 2256; x_wconf 84' lang='lat' dir='ltr'>diffinitionibus</span> <span class='ocrx_word' id='word_1_424' title='bbox 1260 2230 1291 2255; x_wconf 88' lang='lat' dir='ltr'>et</span> <span class='ocrx_word' id='word_1_425' title='bbox 1315 2224 1532 2256; x_wconf 86' lang='lat' dir='ltr'>decretalibus</span> <span class='ocrx_word' id='word_1_426' title='bbox 1557 2236 1667 2256; x_wconf 89' lang='lat' dir='ltr'>eorum</span> <span class='ocrx_word' id='word_1_427' title='bbox 1692 2225 1818 2256; x_wconf 87' lang='lat' dir='ltr'>statutis</span> <span class='ocrx_word' id='word_1_428' title='bbox 1843 2225 1983 2256; x_wconf 86' lang='lat' dir='ltr'>scienter</span> <span class='ocrx_word' id='word_1_429' title='bbox 2006 2223 2113 2256; x_wconf 83' lang='lat' dir='ltr'>inobe-</span> 
     </span>
     <span class='ocr_line' id='line_1_45' title="bbox 475 2278 2113 2320; baseline 0 -12"><span class='ocrx_word' id='word_1_430' title='bbox 475 2278 613 2317; x_wconf 71' lang='lat' dir='ltr'>dientes,</span> <span class='ocrx_word' id='word_1_431' title='bbox 646 2283 928 2319; x_wconf 81' lang='lat' dir='ltr'>apostatarumque</span> <span class='ocrx_word' id='word_1_432' title='bbox 961 2278 1131 2319; x_wconf 83' lang='lat' dir='ltr'>pertinatia</span> <span class='ocrx_word' id='word_1_433' title='bbox 1163 2279 1208 2308; x_wconf 87' lang='lat' dir='ltr'>eis</span> <span class='ocrx_word' id='word_1_434' title='bbox 1240 2278 1480 2309; x_wconf 82' lang='lat' dir='ltr'>recalcitrantes</span> <span class='ocrx_word' id='word_1_435' title='bbox 1512 2278 1617 2309; x_wconf 73' lang='lat' dir='ltr'>studio</span> <span class='ocrx_word' id='word_1_436' title='bbox 1650 2283 1681 2309; x_wconf 86' lang='lat' dir='ltr'>et</span> <span class='ocrx_word' id='word_1_437' title='bbox 1705 2278 1869 2309; x_wconf 87' lang='lat' dir='ltr'>voluntate</span> <span class='ocrx_word' id='word_1_438' title='bbox 1901 2278 2113 2320; x_wconf 83' lang='lat' dir='ltr'>refragantur.</span> 
     </span>
     <span class='ocr_line' id='line_1_46' title="bbox 475 2330 2114 2373; baseline 0.001 -12"><span class='ocrx_word' id='word_1_439' title='bbox 475 2332 546 2362; x_wconf 85' lang='lat' dir='ltr'>Hoc</span> <span class='ocrx_word' id='word_1_440' title='bbox 571 2337 676 2361; x_wconf 66' lang='lat' dir='ltr'>autom</span> <span class='ocrx_word' id='word_1_441' title='bbox 703 2331 747 2361; x_wconf 85' lang='lat' dir='ltr'>ita</span> <span class='ocrx_word' id='word_1_442' title='bbox 771 2330 942 2372; x_wconf 80' lang='lat' dir='ltr'>diligenter</span> <span class='ocrx_word' id='word_1_443' title='bbox 967 2330 1154 2369; x_wconf 73' lang='lat' dir='ltr'>determino,</span> <span class='ocrx_word' id='word_1_444' title='bbox 1180 2342 1219 2361; x_wconf 87' lang='lat' dir='ltr'>ne</span> <span class='ocrx_word' id='word_1_445' title='bbox 1245 2332 1316 2373; x_wconf 83' lang='lat' dir='ltr'>quis</span> <span class='ocrx_word' id='word_1_446' title='bbox 1340 2343 1390 2362; x_wconf 89' lang='lat' dir='ltr'>me</span> <span class='ocrx_word' id='word_1_447' title='bbox 1417 2331 1529 2362; x_wconf 85' lang='lat' dir='ltr'>credat</span> <span class='ocrx_word' id='word_1_448' title='bbox 1553 2332 1669 2362; x_wconf 82' lang='lat' dir='ltr'>cresim</span> <span class='ocrx_word' id='word_1_449' title='bbox 1694 2332 1861 2373; x_wconf 85' lang='lat' dir='ltr'>assignare</span> <span class='ocrx_word' id='word_1_450' title='bbox 1886 2332 1932 2362; x_wconf 90' lang='lat' dir='ltr'>sic</span> <span class='ocrx_word' id='word_1_451' title='bbox 1956 2331 2055 2373; x_wconf 86' lang='lat' dir='ltr'>lapso,</span> <span class='ocrx_word' id='word_1_452' title='bbox 2080 2335 2114 2362; x_wconf 83' lang='lat' dir='ltr'>ut</span> 
     </span>
     <span class='ocr_line' id='line_1_47' title="bbox 474 2384 2191 2426; baseline -0.001 -12"><span class='ocrx_word' id='word_1_453' title='bbox 474 2385 542 2426; x_wconf 68' lang='lat' dir='ltr'>ipse</span> <span class='ocrx_word' id='word_1_454' title='bbox 568 2390 641 2415; x_wconf 87' lang='lat' dir='ltr'>autc</span> <span class='ocrx_word' id='word_1_455' title='bbox 665 2384 801 2425; x_wconf 82' lang='lat' dir='ltr'>lapsum,</span> <span class='ocrx_word' id='word_1_456' title='bbox 828 2390 859 2413; x_wconf 87' lang='grc'>01</span> <span class='ocrx_word' id='word_1_457' title='bbox 882 2390 954 2425; x_wconf 75' lang='lat' dir='ltr'>post</span> <span class='ocrx_word' id='word_1_458' title='bbox 978 2384 1007 2414; x_wconf 89' lang='lat' dir='ltr'>in</span> <span class='ocrx_word' id='word_1_459' title='bbox 1032 2384 1247 2415; x_wconf 77' lang='lat' dir='ltr'>continentiae</span> <span class='ocrx_word' id='word_1_460' title='bbox 1272 2385 1435 2426; x_wconf 84' lang='lat' dir='ltr'>proposito</span> <span class='ocrx_word' id='word_1_461' title='bbox 1460 2385 1573 2425; x_wconf 79' lang='lat' dir='ltr'>fuerit3</span> <span class='ocrx_word' id='word_1_462' title='bbox 1599 2385 1682 2416; x_wconf 85' lang='lat' dir='ltr'>sicut</span> <span class='ocrx_word' id='word_1_463' title='bbox 1698 2385 1814 2416; x_wconf 87' lang='lat' dir='ltr'>Petrus</span> <span class='ocrx_word' id='word_1_464' title='bbox 1840 2389 1871 2415; x_wconf 89' lang='lat' dir='ltr'>et</span> <span class='ocrx_word' id='word_1_465' title='bbox 1894 2390 1968 2415; x_wconf 88' lang='lat' dir='ltr'>ante</span> <span class='ocrx_word' id='word_1_466' title='bbox 1994 2389 2025 2415; x_wconf 90' lang='lat' dir='ltr'>et</span> <span class='ocrx_word' id='word_1_467' title='bbox 2042 2388 2114 2426; x_wconf 85' lang='lat' dir='ltr'>post</span> <span class='ocrx_word' id='word_1_468' title='bbox 2130 2393 2156 2412; x_wconf 68' lang='grc' dir='ltr'>ιο</span> <span class='ocrx_word' id='word_1_469' title='bbox 2190 2397 2191 2402; x_wconf 55' lang='lat'>¹</span> 
     </span>
     <span class='ocr_line' id='line_1_48' title="bbox 475 2436 2112 2479; baseline 0 -12"><span class='ocrx_word' id='word_1_470' title='bbox 475 2437 653 2475; x_wconf 67' lang='lat' dir='ltr'>11‹·‚,‹,rati0nis</span> <span class='ocrx_word' id='word_1_471' title='bbox 685 2437 806 2479; x_wconf 82' lang='lat' dir='ltr'>lapsum</span> <span class='ocrx_word' id='word_1_472' title='bbox 839 2436 898 2467; x_wconf 82' lang='lat' dir='ltr'>fuit</span> <span class='ocrx_word' id='word_1_473' title='bbox 928 2437 957 2467; x_wconf 90' lang='lat' dir='ltr'>in</span> <span class='ocrx_word' id='word_1_474' title='bbox 984 2438 1145 2478; x_wconf 73' lang='lat' dir='ltr'>proposito</span> <span class='ocrx_word' id='word_1_475' title='bbox 1175 2449 1337 2479; x_wconf 83' lang='lat' dir='ltr'>nunquam</span> <span class='ocrx_word' id='word_1_476' title='bbox 1363 2438 1504 2479; x_wconf 85' lang='lat' dir='ltr'>negandi</span> <span class='ocrx_word' id='word_1_477' title='bbox 1529 2437 1702 2477; x_wconf 87' lang='lat' dir='ltr'>Christum,</span> <span class='ocrx_word' id='word_1_478' title='bbox 1728 2443 1759 2469; x_wconf 87' lang='grc'>01</span> <span class='ocrx_word' id='word_1_479' title='bbox 1782 2438 1855 2469; x_wconf 85' lang='lat' dir='ltr'>ideo</span> <span class='ocrx_word' id='word_1_480' title='bbox 1879 2438 2011 2469; x_wconf 88' lang='lat' dir='ltr'>Petrum</span> <span class='ocrx_word' id='word_1_481' title='bbox 2036 2437 2112 2468; x_wconf 83' lang='lat' dir='ltr'>dici-</span> 
     </span>
     <span class='ocr_line' id='line_1_49' title="bbox 474 2484 2110 2533; baseline 0 -13"><span class='ocrx_word' id='word_1_482' title='bbox 474 2502 543 2520; x_wconf 82' lang='grc'><strong>111115</strong></span> <span class='ocrx_word' id='word_1_483' title='bbox 575 2489 709 2531; x_wconf 74' lang='lat' dir='ltr'>lapsum.</span> <span class='ocrx_word' id='word_1_484' title='bbox 743 2489 951 2531; x_wconf 78' lang='lat' dir='ltr'>similiterque</span> <span class='ocrx_word' id='word_1_485' title='bbox 983 2490 1080 2531; x_wconf 76' lang='lat' dir='ltr'>lapsis</span> <span class='ocrx_word' id='word_1_486' title='bbox 1114 2502 1174 2520; x_wconf 84' lang='lat' dir='ltr'>non</span> <span class='ocrx_word' id='word_1_487' title='bbox 1201 2484 1379 2521; x_wconf 79' lang='lat' dir='ltr'>claudimus</span> <span class='ocrx_word' id='word_1_488' title='bbox 1412 2491 1653 2533; x_wconf 84' lang='lat' dir='ltr'>recuperandae</span> <span class='ocrx_word' id='word_1_489' title='bbox 1686 2491 1797 2522; x_wconf 84' lang='lat' dir='ltr'>salutis</span> <span class='ocrx_word' id='word_1_490' title='bbox 1828 2491 1957 2522; x_wconf 86' lang='lat' dir='ltr'>facilem</span> <span class='ocrx_word' id='word_1_491' title='bbox 1981 2490 2110 2522; x_wconf 85' lang='lat' dir='ltr'>aditum.</span> 
     </span>
     <span class='ocr_line' id='line_1_50' title="bbox 477 2543 2112 2586; baseline 0 -13"><span class='ocrx_word' id='word_1_492' title='bbox 477 2543 571 2573; x_wconf 70' lang='lat' dir='ltr'>Iudas</span> <span class='ocrx_word' id='word_1_493' title='bbox 601 2549 717 2581; x_wconf 77' lang='lat' dir='ltr'>autem,</span> <span class='ocrx_word' id='word_1_494' title='bbox 743 2543 796 2584; x_wconf 86' lang='lat' dir='ltr'>qui</span> <span class='ocrx_word' id='word_1_495' title='bbox 823 2543 958 2584; x_wconf 72' lang='lat' dir='ltr'>quesivit</span> <span class='ocrx_word' id='word_1_496' title='bbox 993 2544 1252 2583; x_wconf 63' lang='lat' dir='ltr'>oportunitatem,</span> <span class='ocrx_word' id='word_1_497' title='bbox 1277 2549 1309 2574; x_wconf 85' lang='lat' dir='ltr'>ut</span> <span class='ocrx_word' id='word_1_498' title='bbox 1334 2544 1441 2575; x_wconf 84' lang='lat' dir='ltr'>Iesum</span> <span class='ocrx_word' id='word_1_499' title='bbox 1473 2544 1624 2584; x_wconf 78' lang='lat' dir='ltr'>traderet,</span> <span class='ocrx_word' id='word_1_500' title='bbox 1656 2556 1721 2575; x_wconf 90' lang='lat' dir='ltr'>non</span> <span class='ocrx_word' id='word_1_501' title='bbox 1752 2544 1870 2575; x_wconf 65' lang='lat' dir='ltr'>dicittu·</span> <span class='ocrx_word' id='word_1_502' title='bbox 1893 2543 2012 2586; x_wconf 86' lang='lat' dir='ltr'>lapsus,</span> <span class='ocrx_word' id='word_1_503' title='bbox 2038 2543 2112 2585; x_wconf 81' lang='lat' dir='ltr'>quia</span> 
     </span>
     <span class='ocr_line' id='line_1_51' title="bbox 474 2594 2110 2639; baseline 0.001 -14"><span class='ocrx_word' id='word_1_504' title='bbox 474 2608 535 2626; x_wconf 79' lang='lat' dir='ltr'>non</span> <span class='ocrx_word' id='word_1_505' title='bbox 563 2594 672 2626; x_wconf 84' lang='lat' dir='ltr'>hahuit</span> <span class='ocrx_word' id='word_1_506' title='bbox 699 2596 893 2637; x_wconf 72' lang='lat' dir='ltr'>propositum</span> <span class='ocrx_word' id='word_1_507' title='bbox 921 2596 1044 2627; x_wconf 69' lang='lat' dir='ltr'>mentis.</span> <span class='ocrx_word' id='word_1_508' title='bbox 1071 2602 1102 2625; x_wconf 82' lang='lat' dir='ltr'>ut</span> <span class='ocrx_word' id='word_1_509' title='bbox 1129 2602 1295 2637; x_wconf 80' lang='lat' dir='ltr'>peccatum</span> <span class='ocrx_word' id='word_1_510' title='bbox 1322 2603 1461 2635; x_wconf 86' lang='lat' dir='ltr'>caveret,</span> <span class='ocrx_word' id='word_1_511' title='bbox 1491 2598 1598 2637; x_wconf 90' lang='lat' dir='ltr'>immo,</span> <span class='ocrx_word' id='word_1_512' title='bbox 1624 2602 1659 2628; x_wconf 89' lang='lat' dir='ltr'>ut</span> <span class='ocrx_word' id='word_1_513' title='bbox 1682 2597 1761 2636; x_wconf 83' lang='lat' dir='ltr'>dixi,</span> <span class='ocrx_word' id='word_1_514' title='bbox 1787 2597 1927 2639; x_wconf 86' lang='lat' dir='ltr'>quesivit</span> <span class='ocrx_word' id='word_1_515' title='bbox 1952 2595 2110 2638; x_wconf 86' lang='lat' dir='ltr'>oportuni-</span> 
     </span>
     <span class='ocr_line' id='line_1_52' title="bbox 475 2648 2152 2692; baseline 0 -14"><span class='ocrx_word' id='word_1_516' title='bbox 475 2655 570 2679; x_wconf 76' lang='lat' dir='ltr'>tatem</span> <span class='ocrx_word' id='word_1_517' title='bbox 597 2654 627 2679; x_wconf 84' lang='lat' dir='ltr'>ut</span> <span class='ocrx_word' id='word_1_518' title='bbox 655 2648 712 2678; x_wconf 79' lang='grc'><strong>1100</strong></span> <span class='ocrx_word' id='word_1_519' title='bbox 740 2648 868 2678; x_wconf 69' lang='lat' dir='ltr'>faceret.</span> <span class='ocrx_word' id='word_1_520' title='bbox 918 2648 992 2678; x_wconf 78' lang='grc' dir='ltr'><strong>111(εο</strong></span> <span class='ocrx_word' id='word_1_521' title='bbox 1026 2660 1085 2678; x_wconf 82' lang='lat' dir='ltr'>nou</span> <span class='ocrx_word' id='word_1_522' title='bbox 1120 2650 1268 2679; x_wconf 70' lang='lat' dir='ltr'>convenit</span> <span class='ocrx_word' id='word_1_523' title='bbox 1301 2649 1348 2679; x_wconf 86' lang='lat' dir='ltr'>his</span> <span class='ocrx_word' id='word_1_524' title='bbox 1376 2651 1539 2691; x_wconf 83' lang='lat' dir='ltr'>reparatio</span> <span class='ocrx_word' id='word_1_525' title='bbox 1564 2650 1663 2689; x_wconf 88' lang='lat' dir='ltr'>Petri,</span> <span class='ocrx_word' id='word_1_526' title='bbox 1689 2651 1743 2692; x_wconf 92' lang='lat' dir='ltr'>qui</span> <span class='ocrx_word' id='word_1_527' title='bbox 1768 2655 1841 2680; x_wconf 87' lang='lat' dir='ltr'>ante</span> <span class='ocrx_word' id='word_1_528' title='bbox 1866 2655 1898 2680; x_wconf 93' lang='lat' dir='ltr'>et</span> <span class='ocrx_word' id='word_1_529' title='bbox 1922 2655 1993 2690; x_wconf 86' lang='lat' dir='ltr'>post</span> <span class='ocrx_word' id='word_1_530' title='bbox 2016 2648 2110 2679; x_wconf 73' lang='grc'><strong>101111-</strong></span> <span class='ocrx_word' id='word_1_531' title='bbox 2128 2657 2152 2676; x_wconf 69' lang='lat'>⁴⁵</span> 
     </span>
    </p>
   </div>
   <div class='ocr_carea' id='block_1_6' title="bbox 580 2767 791 2797">
    <p class='ocr_par' dir='ltr' id='par_1_12' title="bbox 580 2767 791 2797">
     <span class='ocr_line' id='line_1_53' title="bbox 580 2767 791 2797; baseline 0 -8"><span class='ocrx_word' id='word_1_532' title='bbox 580 2775 605 2792; x_wconf 65' lang='lat' dir='ltr'>a)</span> <span class='ocrx_word' id='word_1_533' title='bbox 629 2776 642 2789; x_wconf 71' lang='lat'>:1</span> <span class='ocrx_word' id='word_1_534' title='bbox 664 2767 752 2797; x_wconf 65' lang='lat' dir='ltr'>capito</span> <span class='ocrx_word' id='word_1_535' title='bbox 773 2776 791 2789; x_wconf 74' lang='lat' dir='ltr'>r:-</span> 
     </span>
    </p>
   </div>
   <div class='ocr_carea' id='block_1_7' title="bbox 585 2874 1929 2911">
    <p class='ocr_par' dir='ltr' id='par_1_13' title="bbox 585 2874 1929 2911">
     <span class='ocr_line' id='line_1_54' title="bbox 585 2874 1929 2911; baseline 0.001 -10"><span class='ocrx_word' id='word_1_536' title='bbox 585 2875 610 2901; x_wconf 70' lang='lat' dir='ltr'>l)</span> <span class='ocrx_word' id='word_1_537' title='bbox 637 2875 783 2910; x_wconf 71' lang='lat' dir='ltr'>Responsa</span> <span class='ocrx_word' id='word_1_538' title='bbox 808 2875 848 2900; x_wconf 81' lang='lat' dir='ltr'>ml</span> <span class='ocrx_word' id='word_1_539' title='bbox 870 2884 942 2901; x_wconf 67' lang='lat' dir='ltr'>rans.</span> <span class='ocrx_word' id='word_1_540' title='bbox 971 2874 1089 2911; x_wconf 65' lang='lat' dir='ltr'>Bnlffltr.</span> <span class='ocrx_word' id='word_1_541' title='bbox 1116 2885 1136 2900; x_wconf 77' lang='grc' dir='ltr'>ι’.</span> <span class='ocrx_word' id='word_1_542' title='bbox 1158 2874 1206 2901; x_wconf 63' lang='grc' dir='ltr'>ΤΟ,</span> <span class='ocrx_word' id='word_1_543' title='bbox 1235 2875 1331 2901; x_wconf 66' lang='lat' dir='ltr'>Mami</span> <span class='ocrx_word' id='word_1_544' title='bbox 1358 2875 1421 2905; x_wconf 79' lang='lat' dir='ltr'>XV,</span> <span class='ocrx_word' id='word_1_545' title='bbox 1448 2877 1497 2901; x_wconf 65' lang='lat' dir='ltr'>rol.</span> <span class='ocrx_word' id='word_1_546' title='bbox 1518 2876 1589 2903; x_wconf 77' lang='lat'>425.</span> <span class='ocrx_word' id='word_1_547' title='bbox 1685 2876 1713 2902; x_wconf 70' lang='grc'>21</span> <span class='ocrx_word' id='word_1_548' title='bbox 1740 2876 1811 2903; x_wconf 70' lang='lat' dir='ltr'>Ibiael.</span> <span class='ocrx_word' id='word_1_549' title='bbox 1839 2887 1860 2902; x_wconf 84' lang='grc'>1.</span> <span class='ocrx_word' id='word_1_550' title='bbox 1879 2876 1929 2902; x_wconf 83' lang='grc'>71.</span> 
     </span>
    </p>
   </div>
  </div>
 </body>
</html>
