2233 3252
363 723 371 731 ⁹
385 723 436 741 ,⁴¹22

320 1324 366 1342 lob.
376 1324 395 1345 8,
405 1325 437 1342 4⁴.

369 1593 395 1611 ·f.
404 1592 436 1610 43.

319 1619 353 1637 Ps.
364 1619 396 1641 ¹26,
406 1619 438 1637 12.

363 2411 388 2427 Ὗ.

401 2411 437 2428 1ζὶ’,

458 192 519 221 ’232
747 191 923 225 GERHom
950 191 1180 218 PRAEPOSITI
1205 189 1609 217 REICHERSBERGENSIS
1635 189 1798 215 LIBELLL

456 298 549 329 quam
586 297 668 327 quae
706 285 746 315 sit
777 295 854 315 vera
888 284 1066 326 penitentia
1101 283 1306 321 clericorum,
1344 283 1383 313 de
1420 281 1536 324 quibus
1572 287 1679 312 tamen
1716 281 1900 323 specialiter
1934 281 1994 312 fuit
2029 293 2100 324 pro-

457 340 604 381 positum.

562 392 597 422 R.
641 391 754 421 Nonne
787 389 845 421 tibi
877 390 1063 421 satisfacere
1094 395 1245 432 poterunt
1277 388 1376 419 verba
1407 388 1493 419 beati
1526 387 1701 428 Augustini
1736 398 1833 429 supra
1868 399 1928 419 nec
1959 392 2100 419 secretas

457 444 604 475 mortales
630 444 741 485 culpas
767 442 974 485 expiantibus
1000 443 1128 473 veniam
1155 442 1372 479 concedentis,
1405 442 1466 472 nisi
1492 446 1612 471 mutato
1638 441 1726 482 prius
1751 440 1909 471 saeculari
1934 440 2045 471 habitu
2070 446 2101 472 et

458 498 599 539 professo
625 496 789 538 religionis
815 495 920 527 studio
931 496 946 526 Ῥ
995 496 1050 526 Isti
1075 507 1152 526 vero
1178 495 1296 528 clerici,
1323 495 1361 526 de
1387 506 1523 536 quorum
1547 493 1628 524 falsa
1652 494 1831 535 penitentia
1855 505 2044 535 conqueror,
2070 498 2101 525 et

457 557 527 593 post.
551 555 662 592 aperta
680 550 815 580 crimina
839 549 1064 590 ingrediuntur
1081 548 1209 579 domum
1226 548 1301 587 Dei,
1326 548 1445 578 nullum
1468 546 1609 577 studium
1627 546 1790 588 religionis
1808 547 1954 588 professi,
1979 546 2101 578 nullum

456 604 633 634 sanctitatis
651 603 849 645 propositum
867 602 1022 644 aggressi,
1049 602 1105 632 sed
1130 602 1173 632 ita
1198 601 1387 631 seculariter
1403 601 1521 638 vestiti,
1546 605 1589 634 ut,
1615 600 1641 629 si
1666 599 1818 630 clericum
1836 599 1958 639 videas,
1983 599 2102 631 laicum

457 668 524 686 esse
551 656 675 689 credas,
701 667 772 686 cuin
799 654 947 686 omnibus
972 655 1097 685 clericis
1126 655 1208 685 sacri
1234 665 1374 685 canones
1400 653 1591 695 precipiam,
1617 658 1650 683 ut
1674 663 1739 683 non
1763 652 1932 683 laicalibus
1956 652 2101 684 vestibus

459 713 609 744 ‘utantim
644 709 675 739 id
701 714 749 739 est
772 708 923 739 mantello
949 708 1016 738 sive
1041 707 1112 738 aliis
1137 708 1205 738 sine
1231 718 1345 749 cappa,
1376 706 1432 737 sed
1456 706 1606 747 religioso
1631 705 1743 736 habitu
1767 711 1798 736 et
1822 705 1951 736 decenti
1976 717 2102 748 semper

457 762 616 793 incedant.
672 761 819 804 Amplius
854 767 960 792 autem
993 761 1106 792 beatus
1139 760 1330 801 Gregorius,
1362 765 1396 790 ut
1428 770 1524 800 supra
1556 759 1818 800 perstrinximus,
1851 758 1891 789 de
1923 759 2102 800 penitentia

457 815 582 846 clericis
607 815 715 846 debita
741 814 884 845 scribens
910 814 951 844 ad
978 814 1105 844 Petrum
1131 813 1386 844 5111)(11111-,1111111111
1418 812 1498 842 adeo
1524 811 1709 842 intercludit
1733 811 1888 851 seculum,
1913 816 1947 842 ut
1971 811 2101 843 mandet

457 880 584 911 quoque
608 868 648 899 dc
674 867 769 898 rebus
795 879 905 898 eorum
927 867 976 897 vel
1002 867 1195 898 monasterio
1221 865 1427 896 conferendis
1447 865 1498 896 vel
1524 870 1692 906 parentum
1717 865 1790 895 usui
1814 864 2043 907 relinquendis,
2068 871 2102 896 ut

457 922 530 952 hinc
556 921 723 952 evidenter
749 926 866 962 pateat,
893 921 966 962 quia
992 920 1127 950 clericus
1153 919 1232 950 falso
1265 919 1396 960 penitet,
1428 919 1489 949 nisi
1521 917 1628 955 rebus,
1658 929 1738 960 quas
1769 917 1891 953 habuit,
1923 919 2100 957 renunciet,

458 974 542 1016 quod
568 980 597 1005 61
624 980 696 1005 anto
723 974 847 1016 lapsum
872 974 942 1004 fieri
967 973 1106 1007 deceret,
1133 978 1166 1003 ut
1191 972 1282 1003 altari
1308 972 1452 1005 serviens
1478 983 1540 1002 non
1565 971 1627 1001 11151
1651 971 1691 1002 (16
1716 971 1808 1002 altari
1833 971 1967 1002 viveret.

564 1036 595 1066 S.
633 1036 700 1067 Nec
730 1035 811 1069 volo,
845 1047 903 1066 1166
936 1046 1065 1076 possum
1097 1041 1141 1065 tot
1174 1033 1418 1065 auctoritatibus
1450 1033 1683 1071 contradicere,
1716 1033 1772 1064 sed
1803 1038 1911 1064 tamen
1942 1032 2021 1063 libet
2050 1044 2101 1064 me

457 1100 609 1130 meosque
642 1088 814 1130 complices
841 1094 869 1119 16
895 1088 1060 1123 infamare,
1091 1088 1166 1129 quia
1198 1093 1230 1117 tu
1263 1087 1400 1128 derogas
1432 1087 1536 1117 famae
1568 1098 1606 1116 ac
1631 1086 1717 1117 vitae
1749 1091 1876 1117 nostrae
1902 1097 1995 1128 quae,
2027 1086 2102 1117 licet

458 1142 641 1174 saecularis,
668 1148 800 1172 actenus
825 1148 931 1172 tamen
958 1142 1017 1172 fuit
1041 1142 1071 1171 in
1096 1141 1227 1171 honore.
1269 1140 1339 1171 Tua
1364 1151 1440 1170 vero
1464 1140 1550 1170 fama
1575 1140 1652 1170 satis
1678 1144 1726 1170 est
1749 1139 1892 1181 undique
1918 1139 2102 1170 decolorata

458 1207 514 1237 per
539 1207 586 1228 ea,
613 1206 694 1236 quae
720 1194 759 1225 (16
786 1200 815 1224 te
841 1200 912 1224 suut
938 1194 1005 1225 sive
1032 1205 1088 1235 per
1113 1194 1279 1224 veritatem
1305 1194 1373 1223 sivc
1398 1204 1456 1234 per
1481 1193 1685 1223 occasionem
1710 1193 1877 1223 seminata.

564 1257 599 1288 R.
637 1257 791 1298 Quisquis
816 1256 855 1287 de
881 1267 930 1286 mc
963 1257 1099 1286 seminat
1130 1262 1160 1286 ct
1191 1256 1330 1297 loquitur
1361 1255 1576 1293 mendacium,
1609 1266 1650 1285 ex
1681 1255 1819 1297 propriis
1851 1255 2001 1297 loquitur,
2027 1255 2102 1297 quia

458 1310 596 1341 mendax
623 1315 669 1340 est
695 1316 724 1339 et
751 1315 841 1351 pater
865 1309 1037 1340 mendacii.
1078 1309 1254 1339 Veritatem
1273 1319 1349 1339 vero
1375 1308 1414 1338 de
1440 1319 1490 1339 me
1516 1308 1660 1339 dicentes
1684 1319 1748 1339 non
1772 1308 1851 1339 mihi
1876 1313 1949 1339 sunt
1965 1307 2101 1348 molesti,

458 1364 532 1405 quia
558 1363 634 1394 libet
660 1374 710 1393 1116
735 1363 837 1404 ipsum
864 1362 1032 1393 veritatem
1059 1362 1213 1392 confiteri.

565 1426 596 1456 S.
635 1425 719 1463 Quia
745 1424 824 1455 dicis
850 1425 1016 1455 veritatem
1044 1424 1189 1455 confiteri
1214 1429 1372 1466 paratum,
1398 1423 1460 1459 dic,
1486 1423 1631 1462 obsecro,
1657 1434 1698 1454 an
1714 1434 1826 1455 verum
1844 1424 1894 1463 sit,
1915 1423 2001 1465 quod
2018 1423 2102 1454 affir-

459 1485 545 1509 mant
577 1478 666 1508 multi
699 1477 738 1508 de
771 1483 800 1507 tc
832 1477 951 1507 dictum
985 1477 1023 1507 dc
1056 1478 1244 1518 inpregnata
1275 1477 1407 1507 muliere
1433 1482 1464 1507 et
1490 1477 1557 1507 61115
1582 1477 1662 1510 viro,
1689 1477 1743 1518 qui
1768 1476 1809 1507 ad
1833 1488 1904 1508 eam
1929 1477 2102 1508 accesserit

459 1537 602 1573 tempore
628 1531 705 1562 illo'?

564 1589 600 1619 R.
637 1588 708 1619 Non
734 1594 782 1619 est
808 1591 938 1629 ‘equum
964 1587 1004 1618 ad
1031 1587 1108 1618 haec
1135 1599 1184 1618 1116
1211 1587 1415 1630 respondere,
1442 1598 1524 1629 quae
1554 1588 1687 1618 mentita
1719 1592 1766 1618 est
1797 1587 1950 1629 iniquitas
1976 1586 2037 1618 sibi
2062 1587 2101 1618 de

459 1653 518 1672 me.
567 1641 692 1672 Sufficit
718 1641 794 1671 mihi
821 1652 857 1671 ca
884 1640 1069 1679 defendere,
1095 1652 1177 1682 quae
1203 1641 1269 1671 scio
1295 1652 1344 1671 me
1370 1641 1500 1671 dixisse.
1537 1641 1712 1672 Inhonesta
1729 1652 1805 1671 vero
1830 1646 1861 1672 et
1884 1641 2001 1683 turpia,
2019 1652 2101 1683 quae

459 1700 567 1736 turpes
600 1695 796 1725 mentiuntur
820 1694 859 1724 dc
884 1705 934 1724 1116
960 1693 1114 1727 dicentes.
1148 1694 1226 1724 haec
1252 1700 1283 1724 et
1307 1694 1386 1725 haec
1412 1706 1430 1724 a
1454 1706 1504 1725 1116
1538 1693 1705 1736 predicata
1736 1705 1816 1733 esse,
1846 1706 1929 1736 quae
1953 1705 2013 1725 nec
2038 1694 2102 1725 dici

460 1759 517 1778 nec
543 1747 639 1778 scribi
658 1747 751 1778 decet
771 1759 827 1788 prc
846 1747 943 1777 nimia
960 1747 1168 1788 turpitudine,
1195 1746 1337 1778 breviter
1354 1759 1485 1785 excuso,
1504 1747 1631 1778 dic-ens:
1658 1747 1760 1778 ‘Haec
1786 1752 1817 1778 et
1841 1747 1921 1778 haec
1945 1758 2006 1779 nec
2023 1747 2100 1787 dixi,

459 1812 517 1831 nec
544 1800 637 1831 dico'.
686 1800 739 1831 Sic
771 1800 857 1842 loqui
891 1800 986 1835 soleo,
1015 1799 1142 1841 quando
1175 1800 1389 1841 interrogatus
1421 1801 1520 1835 fuero,
1554 1813 1594 1831 an
1627 1801 1764 1831 dixerim
1796 1800 1850 1831 illa
1875 1806 1906 1831 et
1929 1800 1993 1840 illa,
2019 1811 2101 1842 quae

460 1860 545 1895 patet
572 1865 641 1883 esso
668 1852 879 1895 repudianda,
906 1865 967 1883 non
993 1852 1093 1883 solum
1121 1864 1176 1894 pro
1203 1853 1350 1887 falsitate,
1377 1853 1433 1884 scd
1458 1854 1554 1884 etiam
1579 1866 1636 1895 pro
1661 1854 1761 1884 nimia
1785 1853 1997 1885 inhonestate.

566 1916 597 1945 S.
636 1916 743 1946 Potest
770 1926 849 1950 6556,
876 1920 907 1945 111
933 1915 1077 1945 odientes
1103 1920 1132 1945 16
1158 1914 1265 1956 aliqua
1291 1916 1485 1946 mentiantur
1509 1916 1548 1946 de
1573 1921 1614 1952 te,
1647 1916 1791 1946 dicentes
1817 1921 1846 1947 te
1872 1915 1993 1947 dixisse
2019 1927 2101 1958 quae

459 1981 520 1999 non
547 1968 666 1999 dixisti.
716 1968 780 1998 sed
806 1980 862 1998 nos
887 1967 1024 1998 libenter
1048 1967 1219 2009 prebemus
1251 1980 1359 1998 aurem
1392 1969 1477 1999 omni
1507 1969 1546 1999 de
1572 1975 1602 1999 te
1627 1969 1712 1999 mala
1736 1968 1889 2011 loquenti,
1914 1974 1948 2000 ut
1973 1980 2100 2011 quoquo

460 2022 553 2052 modo
583 2021 753 2052 eradamus
779 2028 810 2051 et,
834 2028 1037 2051 c‹1›ntera1nus
1063 2028 1093 2051 tc
1119 2020 1158 2051 de
1184 2027 1269 2051 terra
1292 2022 1481 2058 vivcutium,
1508 2023 1659 2064 quoniam
1688 2023 1797 2063 gravis
1822 2034 1856 2053 es
1881 2021 1973 2053 nobis
2005 2022 2100 2053 etiam

459 2075 500 2105 ad
524 2074 698 2105 videndum
724 2073 764 2104 ob
790 2074 821 2104 id
847 2074 997 2113 maxime,
1024 2074 1098 2115 quia
1124 2080 1155 2104 tu
1181 2074 1265 2104 solus
1283 2075 1403 2105 videris
1428 2087 1485 2105 nos
1511 2076 1700 2117 inpugnare.
1748 2076 1820 2107 Hoc
1838 2081 1886 2106 est
1902 2076 1997 2115 enim,
2016 2075 2102 2118 quod

460 2127 690 2169 aliquantulum
717 2139 774 2157 nos
800 2126 916 2159 turbat,
943 2127 1017 2168 quia
1043 2127 1073 2157 in
1100 2127 1168 2167 ipso
1195 2127 1343 2160 claustro,
1369 2128 1401 2157 in
1427 2140 1489 2169 quo
1514 2129 1650 2160 nutritus
1677 2140 1720 2167 es,
1746 2128 1850 2159 nullus
1875 2129 2009 2160 fratrum
2033 2134 2100 2159 tuo-

461 2192 526 2211 rum
553 2180 609 2211 tibi
637 2180 820 2211 concordat.

566 2238 601 2268 R.
642 2238 727 2279 Lege
754 2237 869 2268 librum
895 2249 911 2267 a
938 2239 1036 2268 nostri
1063 2238 1191 2268 claustri
1218 2238 1379 2279 quondam
1406 2239 1528 2269 decano
1554 2239 1771 2281 Manegoldo²
1795 2244 1905 2270 eontra
1925 2239 2000 2270 Vni
2022 2238 2101 2270 Gre-

461 2291 540 2332 gorii
567 2290 759 2321 laceratores
785 2291 1007 2332 compositum.
1034 2298 1064 2321 ct
1089 2291 1233 2321 invenies
1251 2291 1282 2321 in
1301 2302 1337 2321 eo
1356 2292 1537 2322 fortissimis
1555 2291 1800 2323 auanritatibus
1818 2291 1997 2334 probatum,
2016 2291 2100 2334 quod

460 2350 488 2374 et
522 2355 578 2373 nos
611 2343 747 2385 probare
780 2343 1016 2379 contendimus,
1049 2344 1123 2385 quia
1153 2344 1303 2375 videlicet
1339 2345 1533 2375 fsn-nicantes
1566 2351 1597 2376 61
1627 2346 1759 2387 insuper
1792 2345 1963 2376 interdicta
1995 2345 2101 2376 officia

461 2396 783 2438 usurpantes’clerici
810 2396 986 2427 Nicolaitae
1013 2403 1084 2427 sunt
1110 2404 1139 2427 et
1164 2397 1274 2427 cretici
1306 2409 1369 2427 non
1401 2398 1501 2428 solum
1531 2410 1604 2429 cum
1629 2398 1772 2436 Nicolao,
1805 2398 1862 2429 sed
1893 2399 1988 2429 etiam
2014 2400 2100 2429 ‘cum

460 2449 607 2480 }1‹·bi0ne
644 2462 680 2479 ac
717 2449 818 2480 Paulo
854 2449 1063 2480 Samos-atem»
1099 2450 1263 2491 dampnati
1276 2454 1295 2480 ³⁴.
1351 2450 1483 2481 Talibus
1520 2452 1605 2482 enim
1641 2463 1681 2482 ex
1718 2450 1896 2482 rationibus
1932 2451 2101 2482 excusavit

463 2503 561 2533 vum..
581 2502 784 2543 Gregorium,
809 2514 828 2532 a
853 2509 979 2533 nostrae
998 2509 1100 2533 terrac
1119 2502 1244 2533 clericis
1269 2502 1309 2532 ob
1335 2503 1394 2534 hoc
1419 2503 1604 2544 laceratum,
1630 2504 1717 2546 quod
1740 2503 1974 2535 fornicantibus
1991 2504 2099 2535 altaris

461 2556 611 2586 ministris
638 2555 802 2585 intcrdixit
830 2567 890 2585 non
918 2555 1016 2586 solum
1044 2556 1194 2593 officium,
1221 2556 1275 2586 scd
1301 2557 1397 2586 etiam
1423 2557 1600 2588 aecclesiae
1624 2558 1798 2588 introitum.

566 2620 597 2647 S.
637 2617 691 2647 lllc
720 2617 931 2656 Mancgoldus
963 2618 1057 2647 ctiam
1091 2617 1149 2648 fuit
1180 2617 1273 2647 homo
1306 2618 1507 2659 inportunus,
1541 2626 1571 2649 ot
1603 2625 1651 2649 cstv
1683 2620 1744 2650 iam
1777 2619 1957 2650 defunctus.
2005 2618 2098 2650 Unde

461 2678 616 2712 optamus,
644 2678 674 2700 ut
701 2670 781 2700 lilwr
807 2671 905 2711 ipsius
931 2682 1000 2700 1-11111
1028 2671 1095 2710 ipso
1122 2671 1157 2700 sit
1186 2670 1338 2711 sepultus,
1365 2682 1458 2711 (1116111
1486 2672 1646 2702 credimus
1677 2673 1799 2714 despici
1829 2673 1924 2703 etiam
1956 2672 1997 2703 ab
2022 2672 2098 2714 ipsis

571 2799 594 2823 l=
623 2798 750 2827 Sir-ilicum
779 2798 868 2834 Epist.
899 2798 918 2826 I.
939 2798 987 2830 42,
1019 2798 1081 2824 HE.
1111 2798 1129 2826 Ι
1154 2808 1182 2834 p.
1203 2799 1251 2825 67.
1347 2799 1376 2833 2)
1402 2798 1449 2827 (Ἰ.
1480 2799 1574 2826 Libelli
1602 2801 1620 2834 l,
1642 2800 1764 2837 1¹·300-
1859 2801 1887 2827 3)
1915 2800 2099 2837 stlaneyoldus

461 2863 481 2876 r,
502 2852 551 2877 ΤΗ.
578 2852 593 2877 l.
613 2852 629 2877 lv
654 2862 682 2887 l).
704 2851 782 2878 420:
810 2861 831 2876 n.
858 2861 945 2887 snpra
968 2862 997 2887 p.
1017 2852 1087 2878 221.

2121 772 2146 791 10

2123 1046 2147 1065 15

2121 1321 2147 1341 20

2121 1600 2146 1619 25

2121 1865 2145 1884 30

2120 2139 2144 2159 ³5

2116 2681 2141 2701 Ab
