2233 3252
286 315 361 334 Mami,
368 316 378 332 λ’
385 316 399 334 l.
411 316 439 331 Η.

313 355 440 373 Ι’,«,Ιυι,»ι·«-.

317 381 440 401 11-‡1·r.=,17.

374 421 400 439 ih,
412 422 440 438 15,

298 844 412 865 Manum,
420 843 439 861 3.

382 897 439 915 ibit.

311 1584 346 1601 ΡΞ.
357 1584 439 1601 Ιοι-εε.

311 1610 395 1631 Herna),
409 1610 438 1628 ιτ.

329 1650 382 1667 Luc.
391 1649 410 1672 3,
420 1650 439 1668 8.

369 1703 396 1720 ib⁴
408 1703 439 1721 18.

291 1808 369 1827 mmm.
378 1809 411 1832 ετ,
421 1809 440 1827 5.

371 2118 385 2135 s.
397 2119 440 2136 105„

313 2144 369 2167 Eph.
380 2145 398 2163 5.
410 2146 440 2163 11.

463 207 525 235 414
753 206 931 233 GERHOHI
956 205 1187 232 PRAEPOSITI
1214 203 1620 231 REICHERSBERGENSIS
1645 203 1808 230 LIBELLI.

461 302 536 343 quia
567 300 641 331 licct
673 299 857 329 abundante
890 299 1059 339 iniquitate
1085 299 1202 328 caritas
1227 297 1397 328 multorum
1424 296 1639 337 refrigescens
1664 307 1746 338 pene
1772 295 1936 335 defecerit,
1969 301 2110 327 attamen

461 355 492 384 in
517 354 628 395 paucis
654 352 763 383 electis
789 351 983 381 desiderium
1010 350 1089 381 illud
1112 350 1236 392 flagrat,
1263 349 1349 391 quod
1375 349 1517 380 ereditur
1541 349 1782 380 exaudiendum
1806 350 2001 390 propitiante
2018 349 2108 380 Deo:

462 412 491 437 et
522 406 764 447 preparationes
797 404 902 434 cordis
932 415 1042 434 eorum
1074 403 1282 434 vehementer
1312 408 1461 433 aestuant
1492 402 1703 444 quoadusque
1735 401 1895 433 iudicetur
1925 401 2046 444 pupillo
2079 407 2110 433 et

461 458 571 489 humili
596 458 763 489 catholico,
789 457 844 487 tali
869 457 1019 487 nimirum
1046 456 1175 489 iudicio,
1201 462 1235 486 ut
1259 467 1323 486 non
1347 460 1489 497 apponat
1514 454 1597 485 ultra
1621 455 1831 496 magnificare
1857 466 1890 485 se
1917 455 2010 486 homo
2027 466 2110 486 mer-

463 520 551 542 eator
575 512 733 553 pessimus
758 521 855 551 super
879 515 1007 543 terram.
1033 509 1066 539 id
1084 515 1131 539 est
1156 520 1252 550 super
1274 508 1455 543 ecelesiam,
1480 507 1532 538 vel
1557 508 1654 538 etiam
1679 519 1776 550 super
1799 513 1961 539 terrenam
1985 519 2109 549 posses-

461 566 582 595 sionem
607 570 638 594 et
663 564 909 604 acquisitionem
934 574 1034 599 suam,
1060 573 1153 604 quae,
1179 573 1252 592 cuin
1277 563 1317 592 sit
1341 561 1479 603 pretium
1497 562 1663 602 sanguinis
1682 560 1812 601 Christi,
1835 560 1942 592 oblata
1958 561 2110 592 videlicet

461 617 688 648 ecclesiasticis
721 617 751 646 in
783 616 1048 646 sustentationem
1074 615 1145 645 Deo
1177 615 1427 645 ministrantium
1452 620 1483 644 et
1507 614 1643 645 aliorum
1668 614 1788 646 Christi
1819 625 2008 656 pauperum,
2041 615 2109 645 sine

461 670 558 701 dubio
584 675 717 704 constat,
743 668 829 711 quod
854 669 886 699 in
911 668 1109 710 sepulturam
1141 668 1396 709 peregrinorum,
1428 668 1461 697 in
1486 679 1550 709 qua
1574 668 1780 709 requiescant
1805 667 1925 699 Christi
1949 678 2110 709 pauperes

461 725 491 754 in
510 724 568 754 hoc
594 722 713 753 mundo
732 722 904 763 peregrini,
930 721 1043 752 eadem
1062 721 1221 762 possessio
1240 727 1287 751 est
1313 720 1529 762 expendenda
1553 726 1650 762 atque
1677 720 1793 752 talibus
1810 726 1858 751 est
1883 720 1956 751 inde
1981 721 2109 762 requies

461 776 670 818 providenda.
707 775 794 806 Fieri
819 775 879 805 hoc
904 779 1009 816 potest
1034 775 1066 804 in
1086 773 1247 815 aliquibus
1272 785 1330 815 per
1347 773 1443 804 talem
1468 774 1677 815 penitentiam
1704 774 1962 812 simoniacorum,
1982 772 2109 815 qualem

460 829 571 860 habuit
596 829 702 863 Iudas,
729 829 782 870 qui
809 828 986 869 penitentia
1017 827 1133 858 ductus
1164 827 1273 857 retulit
1304 827 1435 867 triginta
1463 832 1644 868 argenteos,
1671 838 1750 868 quos
1775 826 1892 857 deinde
1917 826 2053 868 legimus
2077 827 2110 857 in

460 882 656 924 sepulturam
678 882 923 923 peregrinorum
941 892 1111 922 expensos.
1150 880 1203 911 Sic
1220 880 1398 921 penitentia
1414 879 1525 916 Iudae,
1550 879 1626 910 licet
1650 880 1712 921 ipsi
1736 891 1799 911 non
1816 879 1912 910 fuerit
1935 879 2108 916 fructuosa,

460 942 567 966 tamen
584 935 763 977 peregrinis
788 934 951 964 fructuosa
976 933 1036 964 fuit
1061 938 1092 964 et
1116 933 1211 967 utilis,
1238 932 1313 963 dum
1338 944 1401 963 non
1425 933 1575 974 apposuit
1599 933 1668 974 ipse
1686 932 1783 964 Iudas
1802 932 1884 963 ultra
1901 932 2109 973 magnificare

460 1000 493 1019 se
519 1000 615 1030 super
639 994 766 1022 terram,
793 998 890 1029 super
914 998 1027 1028 agrum
1053 987 1218 1027 sanguinis
1244 991 1464 1028 comparatum
1482 986 1614 1027 triginta
1638 986 1811 1027 argenteis,
1837 986 1939 1028 pretio
1957 985 2110 1016 videlicet

462 1042 593 1084 pretiosi
619 1041 794 1082 sanguinis,
820 1041 853 1070 in
878 1039 1076 1081 sepulturam
1100 1040 1354 1081 peregrinorum.

566 1103 714 1134 Vidimus
740 1114 797 1133 nos
823 1102 923 1133 oculis
947 1102 1064 1132 nostris
1082 1101 1239 1143 quosdam
1257 1101 1426 1143 episcopos
1451 1113 1468 1131 a
1494 1101 1678 1132 simoniacis
1703 1100 1834 1142 regibus
1859 1101 2036 1139 investitos,
2056 1101 2110 1142 qui

460 1157 637 1199 penitentia
661 1167 717 1187 seu
741 1167 819 1186 vera
843 1167 900 1186 seu
925 1154 1006 1185 falsa
1031 1154 1119 1185 ducti
1144 1154 1320 1185 retulerunt
1345 1154 1484 1196 pretium
1511 1155 1688 1195 sanguinis,
1721 1154 1754 1185 id
1780 1159 1827 1185 est
1857 1155 1963 1196 ipsum
1988 1154 2110 1195 episco-

460 1216 583 1252 patum,
610 1209 651 1240 ad
669 1209 819 1240 domnum
843 1208 1064 1250 apostolieum,
1091 1207 1358 1238 abrenuntiantes
1382 1207 1438 1238 tali
1458 1207 1737 1246 administrationi,
1762 1207 1803 1238 ad
1821 1218 1916 1250 quam
1939 1218 2003 1238 non
2021 1212 2112 1238 erant

460 1264 614 1294 canonice
640 1263 785 1304 promoti.
824 1261 897 1300 Qua
922 1261 1141 1292 satisfactione
1166 1267 1329 1302 utcunque
1355 1261 1483 1302 purgati
1508 1272 1566 1302 per
1591 1260 1743 1291 domnum
1768 1260 1979 1302 apostolicum
2005 1260 2109 1291 denuo

459 1317 537 1346 iussi
562 1316 786 1346 administrare
812 1314 1002 1356 temporalia
1026 1320 1057 1345 et
1082 1313 1262 1355 spiritualia
1287 1314 1532 1356 episcopatuum
1555 1313 1651 1353 bona,
1680 1314 1725 1344 ita
1749 1313 1788 1344 de
1813 1314 1892 1356 ipsis
1917 1324 2109 1355 procurave-

460 1375 532 1400 runt
563 1380 675 1410 agrum
708 1369 740 1399 in
771 1368 968 1410 sepulturam
1000 1368 1258 1409 peregrinorum,
1290 1372 1324 1398 ut
1355 1372 1462 1397 essent
1494 1367 1629 1397 studiosi
1661 1367 1863 1398 edific-atores
1895 1372 1926 1397 et
1957 1366 2109 1397 ditatores

460 1422 667 1453 cenobiorum
692 1422 724 1452 in
749 1421 946 1463 sepulturam
971 1427 1002 1451 et
1027 1421 1171 1462 requiem
1197 1421 1440 1462 peregrinorum
1466 1419 1585 1451 Christi
1609 1432 1798 1462 pauperum.
1840 1420 1906 1452 Sed
1931 1425 1978 1451 est
2002 1419 2109 1450 huius-

460 1475 545 1505 modi
570 1486 626 1506 seu
642 1486 718 1505 vere
744 1486 801 1505 seu
824 1474 898 1505 ficte
923 1474 1137 1516 penitentium
1160 1473 1284 1504 tantilla
1308 1474 1454 1515 paucitas
1479 1473 1512 1504 in
1536 1479 1623 1504 tanto
1647 1485 1780 1504 numero
1806 1474 2053 1505 simoniacorum
2079 1478 2110 1504 et

460 1528 593 1559 aliorum
618 1528 696 1559 Iude
729 1528 899 1558 mercatori
931 1527 1082 1557 similium
1114 1538 1211 1569 super
1241 1532 1359 1557 terram
1391 1537 1425 1557 se
1456 1526 1742 1568 magnificantium,
1772 1532 1807 1557 ut
1836 1527 1949 1558 merito
1981 1526 2109 1557 anhelet

460 1593 637 1623 pauperum
662 1581 858 1612 desiderium
888 1580 1099 1622 ferveantque
1124 1580 1368 1622 preparationes
1394 1579 1499 1611 cordis
1531 1591 1640 1611 eorum
1665 1579 1874 1611 vehementer
1897 1579 1958 1610 hoc
1984 1578 2108 1610 deside-

460 1636 608 1671 rantium,
627 1640 784 1676 quatenus
809 1634 978 1676 amplietur
996 1645 1148 1664 numerus
1166 1633 1388 1675 penitentium,
1406 1632 1521 1674 dignos
1538 1633 1735 1675 penitentiae
1760 1632 1882 1665 fructus
1907 1632 2108 1663 afferentium

460 1689 491 1718 in
509 1688 707 1730 sepulturam
724 1688 978 1729 peregrinorum,
1003 1698 1063 1717 nec
1081 1687 1266 1717 inveniatur
1289 1687 1377 1718 homo
1395 1687 1453 1728 qni
1467 1694 1605 1728 apponat
1630 1687 1711 1717 ultra
1735 1687 1938 1729 mayncflcare
1961 1698 1992 1717 se
2016 1698 2110 1728 super

461 1750 592 1780 terrram
623 1741 698 1771 dum
724 1747 755 1771 et
778 1752 854 1771 vere
880 1741 1071 1782 penitentes,
1096 1752 1172 1771 vere
1198 1739 1356 1770 humiliati
1381 1739 1548 1770 salvantur
1572 1744 1604 1770 et
1627 1739 1700 1770 ficte
1725 1740 1905 1781 penitentes
1931 1750 2003 1770 cum
2027 1738 2109 1770 Iuda

460 1801 637 1825 mercatore
661 1795 801 1836 pessimo
827 1793 1067 1835 strangulantur
1092 1793 1202 1824 effusis
1226 1794 1258 1823 in
1283 1798 1399 1823 terram
1418 1792 1598 1823 visceribus
1623 1804 1744 1831 eorum,
1769 1792 1939 1834 patefactis
1957 1791 2109 1823 videlicet

461 1848 592 1878 secretis
622 1847 832 1878 immunditiis
866 1858 986 1883 eorum,
1013 1847 1242 1888 suspensisque
1267 1846 1346 1888 ipsis
1370 1846 1454 1876 inter
1477 1851 1595 1876 terram
1620 1851 1651 1876 et
1675 1845 1790 1885 celum,
1815 1850 1849 1876 ut
1873 1850 2004 1876 careant
2024 1850 2107 1876 utro-

461 1912 531 1942 que,
557 1901 699 1931 terrestri
723 1900 876 1931 videlicet
901 1911 939 1930 ac
964 1900 1075 1930 celesti
1099 1899 1230 1937 honore,
1257 1899 1311 1941 qui
1337 1904 1449 1930 contra
1465 1899 1573 1929 Deum
1599 1910 1631 1929 se
1657 1904 1846 1940 presunmnt
1870 1909 1967 1940 super
1990 1904 2108 1929 terram

460 1954 667 1995 magnificare
672 1978 877 1984 .......

1099 2015 1154 2045 IX
1174 2015 1403 2046 PSALMUM
1424 2014 1463 2045 X.

567 2122 747 2152 Dominus-³
773 2128 821 2152 est
846 2122 899 2163 qui
931 2121 1008 2152 mihi
1040 2121 1117 2152 dicit
1148 2132 1206 2163 per
1230 2120 1409 2162 apostolum
1441 2132 1533 2151 suum
1558 2121 1711 2151 Paulum:
1743 2121 1849 2151 Nolite
1881 2122 2107 2152 communicare

462 2176 606 2216 operibns
632 2176 838 2213 infructuosis·
863 2176 1074 2211 &malm-arnna·
1106 2176 1204 2217 nnqsz's
1229 2182 1326 2205 antem
1353 2174 1550 2217 redarguite:
1577 2185 1634 2204 vos
1660 2179 1766 2204 autem
1792 2173 1933 2205 suadetis
1958 2173 2036 2204 mihi
2066 2173 2106 2204 ab

462 2227 520 2257 hac
546 2228 704 2258 sententia
728 2228 860 2258 Domini
892 2228 1031 2269 migrare
1063 2234 1158 2269 atque
1191 2227 1338 2258 omnibus
1370 2227 1489 2257 mensis
1521 2226 1743 2257 indifferenter
1774 2227 2011 2257 communicare
2043 2232 2106 2257 tam

462 2280 684 2319 hereticorum,
715 2281 972 2319 simoniacorum,
999 2292 1094 2322 quam
1120 2280 1323 2311 sacerdotum
1348 2280 1588 2311 catholicorum.
1636 2280 1678 2310 Et
1702 2279 1777 2310 licet
1801 2291 1861 2321 ego
1887 2279 2050 2310 confidens
2075 2279 2105 2309 in

462 2333 601 2363 Domino
634 2333 799 2363 ostendam
830 2333 1019 2364 rationabile
1051 2333 1237 2364 mandatum
1261 2333 1480 2364 Romanorum
1510 2333 1697 2375 pontificum
1730 2334 1762 2363 in
1787 2332 1941 2364 cathedra
1964 2333 2052 2363 Petri
2077 2338 2108 2363 et

463 2386 566 2427 Moysi
593 2386 784 2421 sedentium,
811 2392 943 2416 cunctas
972 2387 1086 2416 missas
1116 2386 1284 2416 manifeste
1309 2387 1565 2417 incestuosorum
1590 2392 1621 2417 et
1646 2387 1892 2417 simoniacorum
1918 2385 2107 2417 clericorum

463 2438 648 2469 terribiliter
672 2440 763 2480 quasi
790 2446 957 2480 peccatum
982 2439 1139 2469 ariolandi
1164 2439 1433 2480 proscribentium
1458 2446 1489 2470 et
1514 2451 1568 2470 eas
1593 2439 1698 2470 audiri
1722 2439 1971 2481 prohibentium,
2000 2444 2108 2469 tamen

462 2503 519 2522 vos
552 2493 657 2523 (le'ct'te's
689 2494 812 2523 animae
845 2505 945 2523 meae:
976 2493 1178 2535 T1·an.s·me'gssta
1214 2494 1242 2523 in
1275 2500 1412 2527 montem,
1445 2492 1477 2523 id
1502 2498 1550 2523 est
1581 2493 1613 2523 in
1638 2493 1845 2523 eminentiam
1877 2493 2107 2523 sententiarum

463 2551 652 2575 nostrarum.
701 2545 789 2575 Tene
821 2546 1011 2575 sententiam
1043 2545 1251 2575 litteratorum
1282 2546 1439 2584 virorum,
1471 2546 1696 2587 magistrorum
1728 2546 1916 2587 insignium,
1949 2544 2108 2576 subtiliter

463 2598 682 2635 astruentium,
709 2597 856 2628 omnibus
886 2599 990 2628 missis
1022 2598 1242 2629 indifferenter
1271 2599 1583 2637 communicandum,
1609 2598 1752 2641 quandiu
1777 2597 1911 2640 quilibet
1935 2598 2106 2640 episcopus

2131 786 2155 804 10

2132 1051 2156 1070 15

2128 1592 2153 1611 25

2127 1859 2152 1877 30

2127 2132 2152 2151 ³5

2126 2398 2152 2416 4⁰

462 2651 575 2681 tolerat
601 2651 633 2680 in
651 2651 820 2692 parrochia
845 2662 902 2681 sua
927 2650 1127 2681 sacerdotem
1145 2650 1381 2692 quantumlibet
1400 2652 1570 2682 manifeste
1587 2652 1805 2683 incestuosum
1830 2656 1861 2682 et
1886 2651 2104 2682 simoniacum.
2124 2663 2149 2682 45

463 2703 608 2734 Christus
633 2704 665 2734 in
690 2704 786 2734 Petro
812 2710 841 2734 et
866 2704 980 2734 Petrus
1012 2704 1044 2733 in
1069 2715 1125 2734 suo
1150 2704 1271 2734 vicario
1297 2704 1376 2735 dicit
1399 2705 1493 2735 mihi:
1527 2705 1615 2736 ‘Noli
1640 2704 1719 2736 tales
1744 2704 1867 2742 audire,
1899 2704 1963 2735 noli
1995 2703 2105 2735 talium

463 2756 569 2787 officia
601 2756 771 2787 interdicta
803 2756 969 2797 recipere'.
1019 2756 1083 2787 Sed
1116 2756 1191 2787 dicit
1223 2757 1300 2787 mihi
1332 2757 1447 2799 aliquis
1479 2759 1633 2799 magister
1659 2757 1828 2795 litteratus,
1855 2757 1946 2799 quasi
1975 2757 2103 2787 favente

569 2877 594 2903 a)
616 2874 680 2897 hunc
697 2875 820 2905 psalmum
840 2874 877 2897 2⁴21*
897 2882 970 2897 rerer.
996 2873 1021 2897 I’.
1045 2873 1178 2897 Kouradus
1198 2874 1294 2898 Jleimll
1311 2874 1418 2898 decanus
1441 2875 1615 2906 Reivleershery.
1635 2875 1803 2906 lwuiynissinte
1821 2883 1876 2899 cum
1895 2874 1974 2898 codice
1992 2874 2103 2898 contulit.
