2233 3252
298 661 303 669 ι
312 651 453 671 f.Matlz‚;·s.;;.

301 915 453 935 alatxh.zz³.f··.’.

320 1182 412 1199 Ι1111ι.”-’2.
422 1180 454 1199 51.

301 1340 455 1361 Matth.·.¹·=,53.

316 1588 415 1607 1.Cor.4.
424 1589 455 1606 2¹1.

475 227 536 257 344
764 226 942 253 GERHOHI
967 225 1197 252 PRAEPOSITI
1222 225 1629 253 REICHERSBERGENSIS
1655 225 1819 252 LIBELLI.

474 322 592 354 statuit,
619 331 754 361 quarum
780 330 875 349 unam
902 319 1030 350 vocavit
1055 319 1169 350 lachin
1193 319 1227 349 id
1251 324 1298 350 est
1323 319 1466 358 firmitas,
1492 318 1625 349 alteram
1641 318 1729 349 Booz
1754 317 1814 349 hoc
1839 323 1887 349 est
1918 318 1950 348 111
1974 317 2089 349 robore
2102 320 2120 349 ¹.

474 374 513 405 At
540 385 623 404 nunc
642 372 788 403 videmus
813 371 967 414 quiddam
993 372 1127 402 tercium
1153 383 1194 402 ex
1219 371 1356 403 duarum
1377 377 1572 413 potestatum
1589 371 1804 412 permixtione
1829 370 2021 409 confectum,
2047 370 2122 402 dum

474 426 666 468 quibusdam
692 425 853 467 episcopis
878 424 957 455 solio
983 424 1094 455 iudicii
1119 424 1336 455 residentibus
1357 436 1437 455 crux
1455 424 1625 463 dominica7
1650 423 1856 465 pontificatus
1873 423 1925 455 vel
1949 424 2122 455 christiane

474 479 661 510 humilitatis
686 479 823 518 insigne,
849 489 886 508 ac
912 477 1005 508 simul
1023 477 1177 508 vexillum
1195 478 1286 508 ducis
1304 477 1457 508 videlicet
1482 477 1524 507 ad
1540 476 1717 507 vindictam
1742 476 1986 508 malefactorum
2010 488 2029 507 a
2046 488 2122 519 rege

474 533 560 562 missi
586 533 711 573 ¹<ig-num
737 531 951 572 preferuntur.
989 530 1084 569 Quod
1101 530 1178 561 mihi
1203 542 1260 572 pro
1285 542 1358 561 mea
1382 530 1583 561 estimatione
1608 535 1845 560 monstruosum
1862 530 1967 572 potius
1984 529 2122 570 videtur,

475 596 580 627 quam,
606 590 639 615 ut
666 590 783 625 putem,
817 584 939 614 ratione
971 582 1145 613 subnixum
1177 594 1271 625 posse
1303 583 1526 614 demonstrari.
1575 582 1627 613 An
1652 582 1734 614 forte
1759 588 1871 614 zemaa
1896 582 1949 614 vel
1978 582 2124 614 habitum

476 638 557 668 illius
583 637 698 677 ang-cli,
725 638 778 678 qui
804 637 1049 667 resurrectionis
1074 636 1194 667 Christi
1218 637 1308 667 testis
1333 637 1365 666 in
1390 636 1536 677 fulgureo
1561 635 1652 666 vultu
1681 640 1777 677 atque
1809 636 1841 666 in
1866 636 1961 667 niveo
1985 636 2124 667 vestium

475 691 614 721 candorc
632 691 790 732 apparuit,
817 689 870 723 hii,
897 690 951 731 qui
969 689 1127 720 eiusmodi
1144 694 1227 727 sunt,
1252 690 1398 720 nituntur
1413 689 1541 729 imitari,
1563 694 1598 719 ut
1620 689 1696 719 hinc
1713 688 1873 720 terribiles
1890 689 2026 725 iniustis,
2049 689 2123 720 hinc

475 744 584 774 blandi
616 750 794 785 appareant
826 742 942 773 iustis?
991 742 1056 773 Sed
1087 741 1247 773 terribiles
1279 753 1349 773 esse
1380 742 1507 772 iniustis
1539 741 1723 773 sacerdotes
1746 741 1880 773 Domini
1908 742 2124 773 concesserim

475 804 694 838 terroremquc
726 795 845 826 habere
882 807 979 837 super
1009 796 1185 826 animantia
1217 800 1248 826 et
1279 794 1400 826 bestias
1431 800 1551 835 terrae,
1589 806 1686 837 super
1716 794 1871 826 animales
1902 794 2055 826 videlicet
2086 806 2123 826 ac

475 850 625 880 bestiales
658 849 812 884 homines,
845 860 908 879 non
940 854 1046 879 autem
1078 848 1238 879 terribiles
1264 859 1333 879 esse
1364 860 1405 879 ex
1429 848 1536 889 gladio
1561 847 1613 879 vel
1638 853 1708 879 asta
1732 853 1763 879 et
1787 847 1875 889 ligno
1899 848 2057 887 lanceato⁷
2082 859 2125 879 ex

475 915 536 945 quo
566 903 725 933 Dominus
754 903 851 933 Petro
884 902 982 932 dixit:
1019 904 1166 933 (funem-tt»
1194 902 1336 943 jsladz'nm
1370 909 1453 932 tuum
1487 903 1518 932 ίη,
1551 903 1706 944 ἰ’(ιιῳὲιιαηι.
1756 901 1840 932 Nam
1871 906 1967 932 antea
1991 901 2124 932 Domini

475 956 697 987 Ικ·;11·111’111·1111111.ς
722 956 755 985 111
779 955 887 995 gladio
912 961 1081 997 percutere
1112 955 1234 985 licitum
1260 954 1374 991 fuerat,
1400 954 1529 996 quando
1555 954 1660 985 adhuc
1685 965 1765 996 gens
1789 954 1844 985 illa
1868 954 2012 994 Iudaica,
2036 955 2125 986 velut

475 1009 579 1045 arbor,
606 1021 647 1040 ex
664 1020 726 1050 qua
749 1009 871 1039 fructus
889 1009 973 1039 vitac
999 1007 1198 1050 sperabatur,
1223 1019 1242 1038 a
1266 1007 1417 1049 gentibus
1441 1007 1580 1038 inimicis
1598 1007 1800 1038 defensanda
1823 1007 1937 1039 fuerat.
1976 1007 2020 1038 At
2038 1019 2124 1039 nunc

475 1074 515 1093 ex
541 1074 602 1104 quo
628 1062 766 1093 fructum
791 1063 877 1092 vitae
910 1073 950 1092 ex
980 1061 1095 1092 cadem
1123 1066 1219 1103 gente
1245 1061 1410 1091 dominum
1434 1060 1542 1091 Iesum
1568 1060 1731 1092 Christum
1761 1061 1794 1091 in
1820 1072 1916 1092 carne
1940 1061 2124 1092 venientem

475 1116 674 1156 suscepimus
700 1114 921 1145 sacerdotibus
940 1114 1059 1145 Christi
1084 1115 1116 1144 in
1134 1114 1241 1156 gladio
1266 1119 1435 1156 percutere
1460 1113 1583 1145 licitum
1607 1125 1672 1145 non
1689 1119 1746 1145 est.
1784 1113 1880 1153 Quod
1904 1119 1935 1145 et
1960 1114 2125 1156 signanter

475 1169 632 1199 Dominus
651 1168 824 1209 expressit:
852 1168 962 1207 Sinite„
987 1168 1146 1209 inquiens,
1173 1179 1266 1209 usqne
1283 1168 1350 1198 huc.
1388 1167 1490 1206 Quasi
1508 1167 1644 1198 dixisset
1667 1169 1779 1209 ‘usque
1804 1167 1876 1198 huc'
1902 1166 2124 1198 sacerdotibus

478 1222 608 1251 Domini
633 1221 740 1262 gladio
765 1221 922 1251 materiali
939 1232 1085 1262 pugnare
1111 1220 1232 1259 lic-nith,
1258 1225 1291 1251 at
1307 1232 1392 1251 nunc
1411 1220 1536 1260 ‘sinite',
1561 1231 1683 1251 moreni
1708 1220 1796 1251 illum
1814 1220 1981 1262 pugnandi
2005 1220 2124 1251 mundo

451 1300 455 1304 .
477 1274 662 1316 relinquite;
687 1286 744 1304 vos
768 1286 826 1316 pro
851 1285 901 1304 me
933 1275 965 1304 in
990 1274 1098 1315 gladio
1130 1279 1253 1304 tantum
1278 1274 1341 1304 oris
1366 1279 1397 1304 et
1421 1273 1550 1315 linguae
1576 1276 1742 1315 *pugnate
1790 1273 1898 1316 Atque
1928 1273 1970 1304 ad
1994 1273 2124 1305 eviden-

476 1328 551 1357 tiam
578 1338 712 1358 causae:
746 1328 794 1358 i-ln
817 1335 921 1369 putas,
951 1327 1064 1369 inquit,
1089 1339 1148 1358 non
1167 1340 1296 1369 possmn
1322 1340 1434 1370 royare
1451 1334 1577 1369 patrem
1602 1340 1699 1358 meum
1726 1335 1753 1359 et
1775 1328 1929 1359 exhibebit
1951 1328 2034 1359 mihi
2051 1328 2126 1369 plus

476 1394 566 1422 ‘snam
594 1381 754 1412 duodecim
782 1382 916 1423 lvgse'ones
939 1382 1144 1423 malelel-nm?

840 1462 891 1490 36.
928 1460 1076 1502 Iniqua
1103 1459 1295 1491 confusio
1320 1460 1489 1491 duorum
1514 1459 1759 1501 gladiorum.

582 1522 652 1553 Hoc
678 1522 798 1553 Paulus
823 1522 995 1553 aclveltens
1020 1534 1084 1553 non
1108 1522 1253 1553 lanceam
1278 1522 1330 1552 vel
1355 1522 1508 1563 gladium,
1541 1521 1599 1553 sed
1622 1522 1749 1563 virgam
1780 1526 1903 1553 tantum
1930 1522 2124 1564 pastoralem

477 1575 642 1616 discipulis
668 1574 929 1606 inobedientibus
954 1576 1093 1606 minatus
1119 1581 1176 1615 est,
1202 1575 1330 1606 dicens:
1360 1575 1447 1613 Quid
1468 1576 1586 1606 vultis?
1622 1575 1659 1606 In
1679 1577 1769 1618 rirgfa
1793 1577 1916 1607 reniam
1940 1576 1985 1606 αι]
2000 1588 2062 1615 1⁷08,
2084 1588 2123 1607 me

478 1629 507 1659 εἰ]
534 1630 662 1659 caritate
692 1630 867 1670 ,spirz'mth
901 1629 1170 1660 ιιιανιειιενιιιῖίηιῖςζ)
1218 1628 1283 1659 Sed
1315 1628 1433 1659 dicitur
1463 1628 1551 1667 mihi,
1584 1629 1735 1670 quoniam
1768 1640 1809 1659 ex
1832 1629 1961 1670 pietatis
1991 1628 2124 1659 consilio

476 1681 595 1723 placuit
621 1680 762 1722 regibus,
788 1687 945 1723 quatenus
977 1681 1138 1712 interdum
1170 1693 1211 1712 cx
1243 1681 1378 1712 ducatus
1402 1681 1453 1712 vel
1485 1681 1649 1712 marchiae
1681 1687 1735 1712 aut
1767 1682 1937 1712 comitatus
1968 1681 2124 1713 reditibus

477 1735 696 1776 episcopatum
721 1735 925 1765 instituerent
948 1735 999 1766 vel
1024 1735 1217 1776 ampliarent
1241 1736 1305 1765 iam
1330 1734 1424 1766 dictis
1449 1734 1662 1777 potestatibus
1687 1735 1720 1765 in
1745 1734 1905 1766 dicionem
1930 1740 1962 1766 et
1985 1735 2034 1765 ius
2059 1735 2124 1777 epi-

477 1787 605 1828 scopale
630 1787 802 1827 translatis,
829 1789 871 1818 ita
896 1794 930 1819 ut
955 1789 1100 1830 episcopi
1124 1794 1317 1830 potestatem
1337 1787 1477 1819 habeant
1502 1799 1560 1830 per
1576 1789 1716 1819 minores
1741 1787 1800 1819 sub
1826 1799 1859 1819 se
1885 1794 1916 1819 et
1940 1800 1959 1819 a
1983 1799 2016 1819 se
2041 1787 2124 1819 ordi-

477 1847 567 1871 natas
585 1846 758 1881 potestates
776 1841 929 1882 ipsarum,
948 1853 1027 1883 quas
1046 1841 1196 1879 diximus,
1222 1846 1417 1883 potestatum
1434 1846 1573 1872 tractare
1598 1841 1718 1872 iudicia
1743 1853 1780 1872 ac
1806 1841 1940 1883 perinde
1965 1841 2007 1872 ad
2030 1840 2123 1872 huius

478 1894 522 1923 rei
548 1893 804 1924 conservandam
828 1895 990 1933 noticiam,
1023 1895 1123 1933 aiunt,
1155 1900 1262 1936 presto
1288 1906 1359 1925 esse
1384 1900 1532 1936 oportere
1564 1905 1672 1926 coram
1705 1895 1858 1936 episcopo
1890 1894 2010 1926 iudicia
2041 1895 2124 1925 sino-

477 1945 562 1976 dalia
592 1952 749 1977 tractante
780 1948 947 1989 utriusque
979 1948 1147 1989 potestatis
1178 1948 1328 1989 insignia.
1375 1947 1419 1978 At
1443 1959 1503 1989 ego
1529 1948 1784 1978 existimaverim
1812 1947 1927 1978 melius
1951 1952 1983 1978 et
2005 1947 2123 1978 rectius

478 1999 588 2029 horum
613 2001 799 2030 memoriam
831 2001 862 2030 in
888 2001 1107 2032 instrumentis
1132 2012 1169 2032 ac
1195 2001 1321 2031 scriniis
1346 2000 1603 2032 conservandam
1628 2006 1659 2031 et
1687 2000 1729 2031 ad
1753 2001 1949 2042 posteritatis
1972 2001 2123 2031 noticiam

476 2053 764 2091 transinittelulam‚
790 2064 887 2095 quam
912 2059 945 2084 ut
974 2054 1006 2084 in
1031 2065 1127 2084 unam
1158 2065 1329 2095 personam
1360 2059 1535 2095 potestates
1566 2059 1631 2084 tam
1661 2054 1824 2096 oppositas
1856 2054 2046 2085 convenisse
2077 2053 2123 2084 in-

477 2105 580 2145 ¹signia
605 2111 669 2135 tam
687 2107 848 2136 contraria
872 2118 935 2137 non
961 2107 1028 2137 sine
1054 2107 1206 2137 scandalo
1231 2107 1423 2138 intuentium
1447 2107 1655 2149 loquerentur
1678 2107 1819 2138 maxime
1844 2107 1877 2138 in
1894 2107 2006 2138 sinodo
2017 2112 2039 2147 ⁰,
2061 2117 2123 2148 que

477 2157 517 2187 ad
542 2158 780 2189 ecclcsiasticas
805 2171 918 2190 causas
943 2160 1128 2190 tractandas
1153 2166 1330 2191 convocata
1355 2166 1413 2191 est.
1459 2159 1556 2190 Addo
1588 2160 1685 2190 etiam
1717 2159 1897 2191 laudandos
1928 2171 1999 2191 esse
2030 2170 2122 2201 reges

477 2221 534 2251 pro
559 2216 645 2241 tante
671 2211 798 2252 pietatis
823 2213 936 2253 gratia,
963 2224 1026 2254 qua
1050 2212 1157 2243 taliter
1181 2213 1353 2243 ecclesiam
1373 2213 1439 2244 Dei
1463 2212 1636 2244 sublimare
1661 2212 1722 2243 illis
1748 2213 1951 2255 complacuit,
1977 2212 2035 2244 sed
2057 2223 2122 2243 ma-

478 2263 535 2293 iori
561 2276 614 2293 cos
640 2264 733 2295 laude
759 2270 789 2295 et
814 2276 922 2295 coram
946 2265 1018 2296 Deo
1043 2266 1300 2297 remuneratione
1326 2266 1480 2308 ampliore
1506 2266 1620 2307 dignos
1645 2267 1836 2308 putaverim,
1866 2266 1893 2296 si
1917 2265 2122 2308 quemadmo-

478 2315 551 2346 dum
579 2322 663 2347 rcctc,
689 2316 882 2354 obtulerunt,
908 2319 951 2349 ita
976 2319 1074 2349 etiam
1098 2324 1184 2349 reete
1203 2319 1399 2357 divisissent,
1424 2324 1549 2350 retenta
1568 2319 1719 2350 nimirum
1737 2318 1798 2349 sibi
1815 2318 2043 2358 vindictarum,
2060 2329 2121 2361 que

478 2370 642 2408 sanguinis
668 2370 854 2401 cffusionem
880 2377 1025 2412 poscunt,
1051 2377 1219 2413 potestate,
1245 2372 1373 2413 quando
1398 2372 1444 2403 eis
1470 2372 1509 2403 de
1534 2372 1707 2414 impendiis
1732 2372 1867 2403 ducatus
1884 2372 1936 2403 vel
1953 2372 2121 2403 comitatus

478 2421 632 2452 ecclesias
657 2423 813 2464 quasdam
838 2423 973 2454 fundare
997 2424 1049 2454 vel
1073 2424 1228 2466 ampliare
1253 2425 1304 2466 pie
1330 2425 1534 2466 complacuit.

635 2513 686 2540 5«.
724 2511 740 2540 l<
759 2522 866 2541 orma
892 2511 1119 2542 dlvlslonis
1145 2517 1182 2542 ct
1207 2512 1501 2544 distinctionis
1526 2513 1695 2544 duorum
1720 2513 1965 2555 gladiorum.

583 2571 689 2601 Huius⁴
721 2584 859 2614 namque
885 2572 1052 2603 divisionis
1082 2573 1243 2605 laudande
1268 2574 1403 2605 formam
1428 2586 1553 2606 sumere
1580 2587 1599 2606 a
1623 2580 1736 2606 sancta
1758 2575 1905 2606 Romana
1929 2574 2067 2606 ecclesia
2089 2574 2122 2605 in

478 2630 625 2665 promptu
650 2630 707 2655 cst.
756 2624 923 2666 Siquidem
949 2631 979 2656 et
1008 2627 1110 2667 ipsam
1135 2626 1234 2657 multa
1259 2632 1289 2658 et
1314 2639 1431 2669 inagna
1456 2628 1579 2669 regalia
1609 2639 1651 2659 ex
1676 2628 1849 2660 donatione
1880 2639 1992 2670 regum
2021 2627 2120 2670 possi-

478 2676 553 2707 ‹lerc
580 2677 783 2708 manifestum
808 2684 866 2708 cst.
916 2677 963 2708 lbi
993 2680 1111 2709 etenim
1142 2679 1305 2721 prefectus
1330 2679 1450 2711 Urbis‘2
1480 2686 1615 2723 accepta
1640 2693 1658 2712 a
1681 2681 1827 2712 Romano
1851 2681 2002 2723 pontifice
2026 2691 2121 2722 super

584 2760 609 2782 ιι)
633 2759 666 2781 ira
687 2768 706 2782 r.
781 2760 807 2785 ln)
833 2759 938 2783 licucrit
959 2769 992 2785 r·.:
1011 2769 1055 2784 em.
1077 2760 1134 2784 Sclz,
1209 2761 1233 2791 c)
1257 2762 1350 2785 sin-ado
1371 2770 1390 2786 c.

587 2831 615 2866 l)
642 2831 688 2865 LY.
716 2831 832 2858 Hieran.
864 2832 897 2859 (lv
925 2842 996 2859 nom,
1025 2832 1121 2864 Helm,
1149 2832 1220 2869 (φρ.
1246 2833 1301 2866 III,
1328 2835 1376 2861 col.
1397 2834 1446 2861 61.
1567 2834 1597 2871 2)
1621 2835 1666 2863 De
1684 2836 1836 2872 praefecto
1866 2835 1947 2863 Urbis
1977 2834 2016 2870 cf.
2042 2834 2120 2862 etiam

479 2884 580 2910 Comma.
607 2884 633 2911 in
655 2894 699 2920 ps.
720 2884 769 2914 64,
792 2885 866 2920 prol.

2144 808 2168 826 10

2145 1072 2168 1092 15

2144 1339 2169 1358 20

2144 1639 2168 1659 25

2143 1905 2167 1925 30

2141 2170 2165 2190 ³5

2137 2763 2161 2784 45
